2844 4946
199 323 356 380 sxxvnt

282 453 383 516 ihid.
422 432 571 518 ‘Atinate
594 453 734 516 Eundem
760 450 970 538 Aristophanis
1000 451 1101 515 locum
1129 453 1161 514 in
1192 455 1294 515 animo

193 560 334 622 hahuisse
353 557 484 630 videtur*
496 559 714 622 Grammaticus
734 559 767 620 in
790 559 888 622 Behh.
908 559 973 622 An.
996 557 1050 620 Gr.
1073 559 1113 620 T.
1125 559 1148 618 l.
1165 579 1200 640 p.
1217 563 1293 638 383,

194 672 248 727 20.
270 678 301 726 et
321 663 454 726 fortassis
477 685 515 726 ex
537 663 603 726 eliis
626 663 742 724 Comici
772 661 846 724 loois
872 664 992 760 potavit
1011 661 1203 742 Phrynichus
1225 661 1294 745 Ap·

193 781 288 852 paret.
307 767 401 850 Soph.
423 768 496 828 ibid.
518 791 550 852 p.
562 768 677 847 80,14.
701 767 748 832 cf.
763 767 895 834 Lohech.
914 767 953 828 ed
970 766 1084 848 Phryn.
1105 789 1136 850 Ρ.
1146 771 1222 830 210.
1230 779 1293 828 not.

283 905 334 968 Pe
348 929 377 990 g.
400 913 453 970 28.
492 899 688 970 ’Λπέκτονεν
709 939 752 956 -
774 899 974 989 ἂπέκταννεν.
1005 907 1041 968 In
1064 903 1160 968 Codd.
1183 905 1293 968 nostris

194 1011 321 1096 legitur,
346 1023 381 1071 ut
411 1010 506 1072 edidit
527 1011 697 1074 Piersonus.
740 1011 775 1072 ln
806 1010 873 1074 loeo
893 1011 1021 1090 Suidee,
1055 1029 1145 1089 quem
1164 1007 1291 1092 protulit

194 1117 375 1178 Piersonus:
415 1104 632 1176 Ἀποκτάκαον
660 1109 714 1178 nat
741 1105 941 1176 ἀπεκτόνασι.
982 1109 1129 1175 Moooioo
1157 1107 1232 1191 μὲν,
1262 1093 1288 1170 ὦ

193 1207 304 1300 πάτερ,
327 1209 487 1300 Θράσωνα,
508 1206 702 1278 ἀπεκτόνασι
723 1211 757 1278 d'
782 1211 829 1280 ott
851 1239 906 1300 pro
927 1210 1120 1280 ἆπεκτάκπσν
1142 1239 1159 1276 e
1179 1218 1289 1278 Grem-

196 1326 306 1385 mstico
327 1320 458 1382 Behkeri
480 1344 512 1403 p.
536 1326 611 1396 ⁴29,
635 1329 688 1384 27.
718 1321 880 1404 legendum
904 1343 969 1384 esee
990 1321 1113 1383 videtur
1133 1311 1290 1402 ἀπεκτάν-

192 1447 281 1506 νασι,
323 1426 583 1510 fragmentumque
620 1425 658 1486 de
695 1439 792 1486 cetero
831 1446 849 1485 e
876 1425 991 1508 Toupii
1023 1424 1231 1486 emendatione
1257 1427 1290 1484 in

192 1533 291 1615 Epist.
314 1531 387 1592 crit.
409 1530 524 1612 Optnso.
547 1528 632 1592 crist.
655 1531 695 1595 Τ.
716 1530 755 1593 Π.
777 1551 809 1613 p.
832 1533 884 1594 28.
904 1531 952 1591 ed.
976 1529 1064 1614 Lips.
1094 1529 1289 1592 innumeris

192 1639 255 1700 suis
277 1635 512 1698 restituendum:

296 1747 298 1754 '
688 1717 714 1798 oi
734 1727 844 1820 πάτερ,

357 1836 503 1902 Μιοοῦον
524 1833 582 1918 μὲν
607 1829 755 1920 Θράσων,
784 1828 995 1924 ἂπεκτᾶγκασν
1023 1833 1057 1901 d’
1089 1830 1137 1903 οὔ.

191 1949 241 2009 De
262 1947 368 2009 formis
389 1939 557 2022 ἀπέκτονα,
579 1937 756 2026 ἆπέκταγκα
778 1946 815 2010 ct.
839 1944 971 2007 Lobeok.
995 1944 1033 2005 ed
1054 1945 1167 2030 Phryn.
1185 1968 1216 2029 p.
1234 1951 1288 2008 36.

190 2055 229 2113 de
249 2050 345 2112 forma
364 2037 561 2128 ἆπεκτόνηκπ
589 2049 708 2111 Bestius
736 2051 834 2132 Epist.
863 2047 935 2112 crit.
964 2073 996 2134 Ρ.
1019 2051 1093 2114 242.
1123 2050 1169 2111 ed.
1200 2051 1287 2132 Lips.

191 2153 351 2235 Exemplis
383 2155 419 2212 ab
451 2151 510 2214 hoo
539 2150 668 2216 laudetis
695 2153 767 2214 eddi
796 2167 896 2236 potest
923 2153 1071 2238 Xenoph.
1093 2155 1178 2219 Hier.
1201 2159 1232 2232 3,
1252 2160 1286 2223 8.

192 2245 269 2329 τοὺς
289 2249 325 2316 δὲ
345 2245 516 2340 τυράννους
536 2243 674 2326 πολλοὺς
706 2250 764 2336 μὲν
783 2252 899 2329 παῖδας
924 2255 1044 2320 ἑαυτῶν
1073 2245 1284 2338 ἇπεκτονηνὸ-

193 2383 268 2441 τας,
288 2363 341 2423 ubi
362 2382 435 2422 vero
463 2361 609 2422 Stoboeus
636 2363 760 2444 praebet
786 2349 1007 2433 ἀπεκτονότας.
1046 2361 1284 2425 Tenosnnoem.

192 2467 274 2529 Add.
298 2466 431 2528 Fischer.
455 2465 492 2525 nd
515 2463 644 2531 Welier.
668 2465 707 2526 T.
727 2467 767 2527 11.
789 2489 821 2550 Ρ.
845 2469 920 2530 250.
941 2465 1054 2530 Thom.
1076 2467 1158 2549 Meg.
1178 2489 1208 2549 p.
1229 2471 1285 2534 89.

189 2565 369 2632 ’Animosa
390 2557 554 2648 νάλλνονῆ
576 2561 750 2630 detestata.
767 2562 942 2630 ἀπέκτανον
956 2563 991 2630 δὲ
1005 2557 1153 2650 ἀδόκιμον
1170 2557 1284 2658 πάντῃ.

195 2677 308 2736 Tentat
334 2671 551 2734 Schleusnerus
579 2675 612 2734 in
642 2672 772 2738 Miscell.
801 2672 886 2734 Critt.
920 2674 1109 2736 eFtiedem.
1143 2687 1173 2736 et
1193 2675 1284 2736 Seeb.

194 2779 283 2840 editis
304 2775 374 2838 Vol.
395 2777 422 2840 1.
442 2777 477 2836 P.
499 2782 531 2845 3.
548 2799 581 2860 Ρ.
606 2781 681 2844 536.
725 2769 903 2858 ἇπένταννα
934 2771 970 2838 δὲ
999 2771 1149 2858 ἀδόκιμον
1168 2770 1283 2865 πάντῃ.

194 2881 264 2946 coll.
289 2883 423 2965 2Regg.
446 2880 477 2959 4,
501 2888 555 2946 12.
599 2880 645 2942 Cf.
665 2880 800 2944 Elmslei.
830 2881 869 2942 ed
899 2881 1009 2966 Eutip.
1039 2881 1123 2946 Med.
1151 2903 1184 2946 v.
1206 2882 1282 2948 774.

192 3013 224 3072 p.
247 2994 321 3051 211.
342 2997 406 3047 not.
429 2983 476 3045 ed.
496 2985 582 3068 Lips.

277 3107 364 3192 Peg.
393 3111 446 3170 29.
490 3095 691 3172 ”Ακναπτον.
735 3104 867 3168 Gramm.
896 3107 1028 3170 Behheri
1055 3129 1088 3191 Ρ.
1110 3111 1192 3186 338,
1227 3113 1279 3172 27.

183 3203 385 3294 ”Δγναπτος,
412 3205 465 3270 ναὶ
491 3199 542 3271 διὰ
569 3206 629 3270 τοῦ
653 3193 693 3291 J,
724 3205 776 3271 nat
798 3197 849 3272 dod
875 3209 934 3272 τοῦ
951 3193 987 3270 'si
1004 3205 1110 3293 iisyoo
1131 3201 1280 3288 τοῦνομα.

191 3317 238 3380 Cf.
258 3313 390 3378 Brunch.
419 3314 458 3374 sd
488 3313 644 3397 Aristoph.
667 3295 748 3376 Plut.
772 3335 805 3375 v.
830 3321 904 3380 168.
934 3315 1124 3398 Thesmoph.
1146 3337 1178 3377 v.
1206 3319 1278 3379 175.

190 3423 426 3482 Tenosnnoeu.
470 3419 548 3480 ibid.
571 3431 635 3486 not.
659 3423 711 3480 57.
740 3419 883 3480 Hudsoni
906 3423 1060 3482 annotatio
1081 3421 1194 3504 integre
1218 3434 1279 3482 est:

190 3525 253 3600 ‚,V.
273 3523 317 3586 H.
338 3520 524 3604 Stephanum
545 3523 583 3586 de
605 3521 748 3585 Dialectis
771 3523 843 3601 Gn,
865 3525 951 3587 cuius
972 3527 1143 3588 coniectura
1163 3546 1202 3586 ex
1223 3523 1281 3586 hoo

189 3629 256 3689 loco
284 3629 451 3688 firmatur.“

273 3747 374 3812 Ibid.
413 3737 525 3828 ’Amph
548 3779 590 3794 -
610 3739 717 3832 ἇωρίᾳ.
754 3747 906 3810 Posterius
936 3739 1034 3834 ἇωρίᾳ
1055 3747 1163 3811 Atticis
1184 3769 1279 3811 voce·
1413 3745 1414 3752 '

188 3849 268 3913 bulis
290 3863 465 3912 annumeret
494 3851 683 3931 Phrynichus
711 3853 825 3936 Apper.
846 3853 938 3937 Soph.
965 3855 997 3915 in
1019 3853 1117 3916 Behh.
1139 3853 1197 3922 An.
1223 3853 1279 3918 Gr·

189 3959 228 4018 T.
250 3955 278 4021 1.
299 3979 333 4038 Ρ.
356 3955 388 4029 4,
410 3960 466 4018 22.
498 3967 528 4017 et
549 3953 625 4018 elius
648 3956 867 4020 Grammaticus
888 3957 962 4020 ibid.
984 3981 1015 4042 p.
1036 3959 1114 4036 tto,
1137 3965 1188 4020 10.
1220 3975 1278 4019 νο-

187 4043 260 4129 urdo
277 4049 356 4141 ἀωρὶ
377 4060 467 4122 hahet
489 4059 577 4121 etism
598 4061 780 4124 Theocritus
801 4063 846 4126 ld.
864 4062 919 4124 XI.
933 4085 968 4132 v.
983 4063 1163 4126 soxxtv.
1179 4083 1212 4122 v.
1225 4067 1279 4126 38.

270 4195 361 4282 Peg.
382 4204 433 4262 31.
471 4187 633 4263 Ἀπόλλω.
654 4197 713 4262 Pro
729 4190 921 4263 Ἀπόλλωνα
942 4203 1029 4264 emho
1049 4199 1148 4265 Godd.
1166 4201 1278 4263 hahent

184 4301 295 4366 vitiose
318 4289 520 4388 Ἀπόλλονα,
561 4325 650 4386 quam
680 4306 856 4389 scriptorem
894 4305 1015 4370 exhibet
1048 4309 1138 4378 etism
1166 4328 1218 4370 ex.
1249 4327 1276 4368 e.
