2844 4946
1063 288 1166 348 mu

83 433 156 482 etere
173 417 324 484 voluerim
346 419 462 503 quidve
482 419 653 504 potuerim,
682 417 878 506 aperiendum
906 419 964 502 eit,
993 421 1078 488 baud
1098 447 1166 490 nee-

82 523 217 586 diocriter
249 523 396 588 sollicitus
428 525 556 588 beereor
591 545 662 588 uem
697 545 716 586 e
743 545 794 586 me
821 546 898 606 qnee
932 525 1036 590 eddite
1062 530 1167 612 beben,

81 649 165 708 quarn
186 629 298 690 minuti
320 630 380 692 eiut
409 631 519 712 pretii,
548 631 625 692 bene
653 629 764 694 sentio.
805 628 843 690 ld
868 641 936 692 ente
963 634 1065 696 omnin
1091 635 1168 698 milti

80 733 251 799 cavendum
271 733 348 812 fuit,
384 753 425 794 ne
452 732 523 794 libri
551 735 680 796 embitne
707 745 819 794 temere
847 747 1013 817 angeretur.
1056 737 1168 821 Atque,

78 839 167 898 verbe
188 849 262 898 eunt
281 836 459 899 immortalis
481 835 609 915 Wollii,
629 850 731 900 noetro
752 849 887 920 tempore
906 837 934 902 ie
955 861 1074 923 quoque
1095 865 1166 930 gre-

79 943 146 1002 nan
167 942 281 1002 mereri
301 941 400 1018 debet,
419 941 472 1022 qui
494 939 593 1021 alique
615 963 717 1004 eecum
734 955 852 1022 servet,
871 963 947 1037 quae
970 943 1039 1008 dere
1060 951 1166 1030 poerit,

79 1066 135 1106 non
173 1057 313 1122 tentum,
357 1045 410 1125 qui
439 1044 647 1127 ¹undecunque
687 1059 828 1130 congente
864 1045 1044 1112 cumulendo
1079 1053 1166 1115 bonit

79 1147 219 1210 chartulis
260 1148 385 1210 minime
420 1147 604 1230 parcendum
637 1163 733 1233 putet.
788 1151 830 1210 Et
855 1152 1007 1234 prolecto,
1055 1151 1168 1239 lergem

78 1252 159 1314 illam
186 1273 289 1314 rerum
309 1251 575 1336 'grammaticarum
596 1253 749 1316 materiam
767 1255 891 1342 uberiue
912 1269 1054 1336 tractare,
1075 1259 1169 1322 multa

78 1379 114 1418 ex
147 1359 188 1418 iie
225 1357 260 1416 in
290 1355 536 1438 disceptationem
565 1357 677 1418 iterum
712 1377 819 1418 vome
846 1377 881 1418 eo
917 1357 955 1420 de
983 1363 1167 1440 quaestioni-

78 1463 131 1524 bue
152 1459 336 1542 quibusdem
356 1459 504 1542 epinoeie,
531 1481 606 1542 quae
633 1482 675 1522 ne
701 1482 783 1522 nunc
811 1461 933 1544 quidem
962 1463 999 1524 ad
1019 1463 1169 1546 liquidum

78 1587 140 1626 esse
153 1563 318 1648 perductae
334 1577 459 1644 constat,
481 1563 578 1626 fueiue
592 1564 682 1628 etiem
697 1586 849 1646 exponere
866 1565 892 1626 ei
908 1568 1025 1630 animur
1041 1568 1168 1648 tulieeet,

77 1691 111 1730 ne
133 1667 252 1744 maior,
284 1689 374 1748 quern
396 1689 474 1752 opus
493 1665 666 1748 videreiur,
695 1667 791 1730 libelli
819 1667 915 1730 moles
937 1670 1048 1734 multoe
1070 1673 1169 1734 olien-

78 1772 160 1834 deret
180 1774 250 1833 iure
271 1787 335 1832 erat
354 1771 533 1836 verendum.
577 1773 699 1834 Etenim
720 1771 866 1856 plurime,
889 1795 963 1854 qnae
983 1773 1044 1836 buc
1072 1779 1169 1858 perti·

78 1889 183 1956 neaut,
215 1877 374 1938 recentiori
406 1889 502 1938 eetete
529 1897 648 1938 numme
674 1877 831 1961 sagacitate
861 1897 1039 1960 summoque
1071 1884 1168 1944 omnis

79 1980 233 2042 doctrinae
255 1993 398 2062 apparatu
427 2003 445 2040 e
464 1979 559 2042 doctie
591 1979 764 2044 bominibus
792 2001 916 2044 excueee
944 1995 1016 2046 eunt
1041 1995 1072 2044 et
1092 2006 1170 2046 enu-

79 2083 189 2144 cleata:
214 2103 342 2164 quorum
362 2082 433 2143 libri
454 2106 549 2166 quum
570 2085 706 2146 omnium
728 2086 865 2146 menibue
886 2097 1040 2163 terantur,
1067 2108 1169 2150 nonne

80 2201 176 2270 aperte
198 2199 267 2248 eote
290 2187 445 2270 egissem?
484 2184 594 2254 Rarius
615 2189 716 2270 itaque
737 2185 863 2250 lectores
891 2189 924 2248 iu
945 2186 1040 2252 libror
1061 2189 1169 2254 Godo-

80 2289 153 2352 fredi
172 2289 337 2352 emendavi
359 2291 544 2369 Hermenni,
574 2303 651 2372 quoe'
678 2313 768 2352 nemo
798 2313 859 2352 non
879 2289 1001 2368 lectitet,
1022 2293 1170 2356 rerieeime

79 2396 109 2455 in
137 2418 233 2478 opera
254 2395 444 2478 grammatice
464 2393 610 2456 Matthiae
632 2407 721 2474 atque
743 2394 928 2454 Buttmanni.

162 2499 201 2559 ln
210 2499 279 2580 ipeo
292 2497 429 2582 opusculi
437 2497 541 2562 limine
557 2517 771 2582 saepenumero
782 2511 900 2560 veteree
909 2497 1172 2562 Grammaticoeex

79 2601 193 2684 eliquot
216 2603 303 2663 ennio
323 2604 356 2662 in
373 2601 471 2664 luceru
492 2614 669 2688 protractos,
690 2623 819 2682 quorum
839 2599 922 2686 lerga
947 2616 1017 2685 poet
1036 2599 1172 2668 Piereonl
1236 2659 1240 2666 ,

77 2721 217 2790 tempora
240 2708 371 2767 accrevit
389 2725 485 2792 aeger,
499 2705 700 2768 consulendos
721 2705 806 2784 duxi,
829 2705 971 2788 quoniam
984 2705 1051 2789 ipee
1066 2729 1171 2770 eorum

77 2833 145 2872 cum
167 2810 309 2872 Moeride
338 2811 416 2872 lacte
448 2811 629 2894 compeintio
657 2810 800 2894 frugilere
820 2821 850 2869 et
871 2823 1016 2890 quantum
1037 2811 1116 2872 inter
1136 2833 1171 2873 ee

75 2915 277 2977 dieeeueerint
302 2915 382 2975 eoitu
399 2913 524 2998 dignum
540 2913 617 2974 mibi
639 2913 811 2976 videbatur.
831 2912 1049 2996 Exemplorum
1069 2927 1172 2976 eutem

74 3021 106 3080 in
121 3042 155 3081 re
171 3031 246 3080 nota
263 3019 458 3080 coacervandi
475 2997 724 3080 consuetudinem
741 3029 774 3076 ut
791 3015 920 3077 maxime
934 3017 1172 3098 improbo,item‚

74 3145 146 3184 cum
166 3119 354 3184 vocabulum
376 3134 544 3182 occurreret
564 3133 670 3182 notatu
699 3119 823 3202 dignum
846 3131 898 3180 aut
919 3118 1071 3202 explicatu
1092 3121 1174 3182 diffi-
1263 3137 1266 3152 ·

72 3227 174 3306 cilius,
197 3226 427 3288 commentarios
450 3225 606 3286 nominavi
629 3223 787 3286 doctorum
808 3223 955 3300 virorum,
986 3223 1040 3303 qui
1060 3224 1094 3284 in
1114 3223 1172 3285 boc

71 3329 153 3392 illud
184 3329 353 3391 accuratior
380 3329 610 3410 inquieiv'erint:
643 3329 709 3411 ipse
737 3340 837 3388 temen
864 3325 903 3388 ed
933 3325 1075 3405 taedium,
1098 3327 1173 3388 mihi

71 3435 177 3516 crede,
195 3433 397 3495 minuendum
409 3431 501 3494 latiur
518 3431 670 3515 eliquanto
686 3432 882 3514 exspatiame.
905 3427 976 3490 Alia
992 3429 1086 3492 multe
1100 3453 1174 3494 ver·
1267 3495 1275 3516 0

70 3541 111 3600 bo
134 3551 260 3600 tentem
280 3537 420 3614 indicata,
441 3536 596 3598 nonnullis
615 3536 690 3599 edeo
711 3537 743 3596 in
763 3535 900 3611 Indices,
922 3533 975 3594 ubi
996 3547 1084 3618 aptus
1104 3537 1171 3598 eui-

72 3665 133 3723 que
154 3642 340 3724 reperiretur
360 3639 463 3718 locne,
491 3641 628 3718 reiectis,
656 3639 798 3721 quoniam
825 3637 869 3698 eie
890 3637 977 3700 nobie
1001 3637 1088 3700 licuit
1108 3661 1173 3702 eece

72 3745 280 3810 brevissimis.
309 3745 376 3806 Hos
398 3757 499 3806 eutem
520 3743 640 3806 Indices
662 3744 700 3805 de
721 3745 839 3826 integro
857 3739 1010 3804 conlector
1031 3753 1062 3804 et
1081 3739 1172 3828 longe

71 3851 230 3932 prioribue
252 3847 470 3930 ¹,locupletioree
496 3847 603 3910 edieci.

160 3951 229 4016 Sed
251 3973 345 4034 quum
366 3953 428 4013 iem
455 3951 489 4024 in
515 3971 552 4012 eo
575 3960 690 4028 eeeem,
720 3961 756 4010 ut
785 3945 940 4032 praefandi
969 3951 1061 4010 finem
1090 3947 1172 4010 fece-

74 4077 157 4136 rem,
205 4055 385 4119 Fieoberum
423 4053 653 4118 commemorare
686 4073 783 4134 paene
820 4051 1038 4136 neglexissem,
1081 4053 1167 4114 cuiue

74 4163 248 4239 observate,
270 4183 290 4222 e
309 4161 419 4242 quibus
440 4158 555 4240 aliquid
575 4155 711 4220 nubtam
731 4157 898 4220 redundare
918 4155 1090 4233 videretur,
1112 4155 1172 4214 huc

73 4279 108 4326 ut
126 4265 344 4344 munionem,
368 4263 466 4328 movit
485 4283 536 4326 me
563 4259 704 4332 voluntte
734 4263 871 4328 virorum
898 4257 1088 4344 morandum
1115 4253 1173 4318 dc-
