<?xml version="1.0" encoding="UTF-8"?>
<!DOCTYPE html PUBLIC "-//W3C//DTD XHTML 1.0 Transitional//EN"
    "http://www.w3.org/TR/xhtml1/DTD/xhtml1-transitional.dtd">
<html xmlns="http://www.w3.org/1999/xhtml" xml:lang="en" lang="en">
 <head>
  <title>
</title>
<meta http-equiv="Content-Type" content="text/html;charset=utf-8" />
  <meta name='ocr-system' content='tesseract 3.04.00' />
  <meta name='ocr-capabilities' content='ocr_page ocr_carea ocr_par ocr_line ocrx_word'/>
</head>
<body>
  <div class='ocr_page' id='page_1' title='image "./moeridisatticis00fiscgoog/moeridisatticis00fiscgoog_0016.png"; bbox 0 0 2844 4946; ppageno 0'>
   <div class='ocr_carea' id='block_1_1' title="bbox 1141 297 1184 344">
    <p class='ocr_par' dir='ltr' id='par_1_1' title="bbox 1141 297 1184 344">
     <span class='ocr_line' id='line_1_1' title="bbox 1141 297 1184 344; baseline 0.047 -2"><span class='ocrx_word' id='word_1_1' title='bbox 1141 297 1184 344; x_wconf 68' lang='lat' dir='ltr'><strong>lx</strong></span> 
     </span>
    </p>
   </div>
   <div class='ocr_carea' id='block_1_2' title="bbox 120 435 1220 960">
    <p class='ocr_par' dir='ltr' id='par_1_2' title="bbox 124 435 1183 629">
     <span class='ocr_line' id='line_1_2' title="bbox 125 435 1183 524; baseline 0.009 -26"><span class='ocrx_word' id='word_1_2' title='bbox 125 436 195 498; x_wconf 77' lang='lat' dir='ltr'><strong>donis</strong></span> <span class='ocrx_word' id='word_1_3' title='bbox 218 436 357 502; x_wconf 73' lang='lat' dir='ltr'><strong>Moeridis</strong></span> <span class='ocrx_word' id='word_1_4' title='bbox 382 435 562 518; x_wconf 83' lang='lat' dir='ltr'><strong>Attioietee,</strong></span> <span class='ocrx_word' id='word_1_5' title='bbox 605 439 690 518; x_wconf 76' lang='lat' dir='ltr'><strong>euius</strong></span> <span class='ocrx_word' id='word_1_6' title='bbox 720 461 809 524; x_wconf 82' lang='lat' dir='ltr'><strong>supra</strong></span> <span class='ocrx_word' id='word_1_7' title='bbox 835 441 1018 520; x_wconf 75' lang='lat' dir='ltr'><strong>mentionem</strong></span> <span class='ocrx_word' id='word_1_8' title='bbox 1044 440 1183 522; x_wconf 60' lang='lat' dir='ltr'><strong>humus,</strong></span> 
     </span>
     <span class='ocr_line' id='line_1_3' title="bbox 124 541 907 629; baseline 0.006 -27"><span class='ocrx_word' id='word_1_9' title='bbox 124 561 246 623; x_wconf 84' lang='lat' dir='ltr'><strong>quemque</strong></span> <span class='ocrx_word' id='word_1_10' title='bbox 264 541 334 604; x_wconf 86' lang='lat' dir='ltr'><strong>aiibi</strong></span> <span class='ocrx_word' id='word_1_11' title='bbox 362 543 499 608; x_wconf 74' lang='lat' dir='ltr'><strong>fortassis</strong></span> <span class='ocrx_word' id='word_1_12' title='bbox 518 545 628 608; x_wconf 73' lang='lat' dir='ltr'><strong>frustra</strong></span> <span class='ocrx_word' id='word_1_13' title='bbox 648 547 907 629; x_wconf 72' lang='lat' dir='ltr'><strong>quaesivistemus.</strong></span> 
     </span>
    </p>

    <p class='ocr_par' dir='ltr' id='par_1_3' title="bbox 120 659 1220 960">
     <span class='ocr_line' id='line_1_4' title="bbox 190 659 1185 752; baseline 0.007 -28"><span class='ocrx_word' id='word_1_14' title='bbox 190 663 320 746; x_wconf 88' lang='lat' dir='ltr'><strong>Denique</strong></span> <span class='ocrx_word' id='word_1_15' title='bbox 339 659 515 750; x_wconf 80' lang='lat' dir='ltr'><strong>Selrleegeri</strong></span> <span class='ocrx_word' id='word_1_16' title='bbox 544 665 582 732; x_wconf 88' lang='lat' dir='ltr'><strong>ed</strong></span> <span class='ocrx_word' id='word_1_17' title='bbox 611 667 789 731; x_wconf 76' lang='lat' dir='ltr'><strong>Stoelaerum</strong></span> <span class='ocrx_word' id='word_1_18' title='bbox 810 663 947 750; x_wconf 76' lang='lat' dir='ltr'><strong>Epistola</strong></span> <span class='ocrx_word' id='word_1_19' title='bbox 966 665 1035 730; x_wconf 73' lang='lat' dir='ltr'><strong>HS.</strong></span> <span class='ocrx_word' id='word_1_20' title='bbox 1066 669 1185 752; x_wconf 80' lang='lat' dir='ltr'><strong>saepius</strong></span> 
     </span>
     <span class='ocr_line' id='line_1_5' title="bbox 121 767 1185 856; baseline 0.009 -32"><span class='ocrx_word' id='word_1_21' title='bbox 121 781 264 847; x_wconf 85' lang='lat' dir='ltr'><strong>memorata,</strong></span> <span class='ocrx_word' id='word_1_22' title='bbox 283 782 315 832; x_wconf 92' lang='lat' dir='ltr'><strong>et</strong></span> <span class='ocrx_word' id='word_1_23' title='bbox 332 767 400 832; x_wconf 80' lang='lat' dir='ltr'><strong>Viri</strong></span> <span class='ocrx_word' id='word_1_24' title='bbox 422 771 534 834; x_wconf 86' lang='lat' dir='ltr'><strong>Graece</strong></span> <span class='ocrx_word' id='word_1_25' title='bbox 552 773 720 856; x_wconf 85' lang='lat' dir='ltr'><strong>Latineque</strong></span> <span class='ocrx_word' id='word_1_26' title='bbox 741 769 917 850; x_wconf 85' lang='lat' dir='ltr'><strong>doctissimi,</strong></span> <span class='ocrx_word' id='word_1_27' title='bbox 938 772 965 832; x_wconf 82' lang='lat' dir='ltr'><strong>J.</strong></span> <span class='ocrx_word' id='word_1_28' title='bbox 986 769 1032 833; x_wconf 83' lang='grc' dir='ltr'><strong>Μ.</strong></span> <span class='ocrx_word' id='word_1_29' title='bbox 1056 769 1185 834; x_wconf 82' lang='lat' dir='ltr'><strong>Gesneri</strong></span> 
     </span>
     <span class='ocr_line' id='line_1_6' title="bbox 120 865 1220 960; baseline 0.007 -28"><span class='ocrx_word' id='word_1_30' title='bbox 120 865 216 933; x_wconf 71' lang='lat' dir='ltr'><strong>tuens</strong></span> <span class='ocrx_word' id='word_1_31' title='bbox 246 875 329 936; x_wconf 85' lang='lat' dir='ltr'><strong>omni</strong></span> <span class='ocrx_word' id='word_1_32' title='bbox 364 877 514 936; x_wconf 80' lang='lat' dir='ltr'><strong>suavitate</strong></span> <span class='ocrx_word' id='word_1_33' title='bbox 542 877 698 954; x_wconf 87' lang='lat' dir='ltr'><strong>conditae,</strong></span> <span class='ocrx_word' id='word_1_34' title='bbox 742 875 780 935; x_wconf 86' lang='lat' dir='ltr'><strong>ad</strong></span> <span class='ocrx_word' id='word_1_35' title='bbox 809 874 1022 960; x_wconf 80' lang='lat' dir='ltr'><strong>Sahlaegerum</strong></span> <span class='ocrx_word' id='word_1_36' title='bbox 1059 877 1186 960; x_wconf 83' lang='lat' dir='ltr'><strong>scriptae</strong></span> <span class='ocrx_word' id='word_1_37' title='bbox 1217 887 1220 902; x_wconf 84' lang='lat'><strong><em>‘</em></strong></span> 
     </span>
    </p>
   </div>
   <div class='ocr_carea' id='block_1_3' title="bbox 121 971 1186 1166">
    <p class='ocr_par' dir='ltr' id='par_1_4' title="bbox 121 971 1186 1166">
     <span class='ocr_line' id='line_1_7' title="bbox 121 971 1186 1076; baseline 0.008 -42"><span class='ocrx_word' id='word_1_38' title='bbox 121 971 265 1059; x_wconf 79' lang='lat' dir='ltr'><strong>Gottingae,</strong></span> <span class='ocrx_word' id='word_1_39' title='bbox 285 999 315 1040; x_wconf 83' lang='lat' dir='ltr'><strong>a.</strong></span> <span class='ocrx_word' id='word_1_40' title='bbox 339 977 370 1040; x_wconf 90' lang='lat' dir='ltr'><strong>d.</strong></span> <span class='ocrx_word' id='word_1_41' title='bbox 391 979 509 1041; x_wconf 85' lang='lat' dir='ltr'>XXIV.</span> <span class='ocrx_word' id='word_1_42' title='bbox 531 979 635 1044; x_wconf 86' lang='lat' dir='ltr'><strong>Martii</strong></span> <span class='ocrx_word' id='word_1_43' title='bbox 656 977 908 1076; x_wconf 63' lang='lat' dir='ltr'><strong>Muccxxxu</strong></span> <span class='ocrx_word' id='word_1_44' title='bbox 937 1001 955 1041; x_wconf 88' lang='lat' dir='ltr'><strong>e</strong></span> <span class='ocrx_word' id='word_1_45' title='bbox 976 979 1086 1060; x_wconf 80' lang='lat' dir='ltr'><strong>quibus</strong></span> <span class='ocrx_word' id='word_1_46' title='bbox 1106 1001 1186 1062; x_wconf 84' lang='lat' dir='ltr'><strong>peu-</strong></span> 
     </span>
     <span class='ocr_line' id='line_1_8' title="bbox 122 1075 1086 1166; baseline 0.006 -26"><span class='ocrx_word' id='word_1_47' title='bbox 122 1075 187 1140; x_wconf 74' lang='lat' dir='ltr'><strong>cun</strong></span> <span class='ocrx_word' id='word_1_48' title='bbox 204 1081 233 1140; x_wconf 88' lang='lat' dir='ltr'><strong>in</strong></span> <span class='ocrx_word' id='word_1_49' title='bbox 251 1082 372 1144; x_wconf 85' lang='lat' dir='ltr'><strong>Moerin</strong></span> <span class='ocrx_word' id='word_1_50' title='bbox 394 1083 580 1148; x_wconf 76' lang='lat' dir='ltr'><strong>coniecturas</strong></span> <span class='ocrx_word' id='word_1_51' title='bbox 601 1098 632 1147; x_wconf 89' lang='lat' dir='ltr'><strong>et</strong></span> <span class='ocrx_word' id='word_1_52' title='bbox 652 1083 876 1148; x_wconf 84' lang='lat' dir='ltr'><strong>emendationes</strong></span> <span class='ocrx_word' id='word_1_53' title='bbox 887 1082 1086 1166; x_wconf 83' lang='lat' dir='ltr'><strong>protulimus.</strong></span> 
     </span>
    </p>
   </div>
   <div class='ocr_carea' id='block_1_4' title="bbox 110 1199 1279 3179">
    <p class='ocr_par' dir='ltr' id='par_1_5' title="bbox 117 1199 1279 1678">
     <span class='ocr_line' id='line_1_9' title="bbox 192 1199 1186 1285; baseline 0.004 -21"><span class='ocrx_word' id='word_1_54' title='bbox 192 1199 242 1264; x_wconf 84' lang='lat' dir='ltr'><strong>Hir</strong></span> <span class='ocrx_word' id='word_1_55' title='bbox 262 1205 417 1282; x_wconf 87' lang='lat' dir='ltr'><strong>omnibus,</strong></span> <span class='ocrx_word' id='word_1_56' title='bbox 436 1201 533 1266; x_wconf 82' lang='lat' dir='ltr'><strong>veluti</strong></span> <span class='ocrx_word' id='word_1_57' title='bbox 554 1205 704 1285; x_wconf 77' lang='lat' dir='ltr'><strong>cumulus,</strong></span> <span class='ocrx_word' id='word_1_58' title='bbox 726 1217 915 1268; x_wconf 75' lang='lat' dir='ltr'><strong>secesserunt</strong></span> <span class='ocrx_word' id='word_1_59' title='bbox 937 1203 1070 1266; x_wconf 84' lang='lat' dir='ltr'><strong>eruditae</strong></span> <span class='ocrx_word' id='word_1_60' title='bbox 1093 1200 1186 1268; x_wconf 64' lang='lat' dir='ltr'><strong>Ciauss</strong></span> 
     </span>
     <span class='ocr_line' id='line_1_10' title="bbox 121 1298 1279 1392; baseline 0.005 -28"><span class='ocrx_word' id='word_1_61' title='bbox 121 1298 157 1360; x_wconf 80' lang='lat' dir='ltr'><strong>dii</strong></span> <span class='ocrx_word' id='word_1_62' title='bbox 173 1301 292 1368; x_wconf 82' lang='lat' dir='ltr'><strong>Sellierii</strong></span> <span class='ocrx_word' id='word_1_63' title='bbox 311 1309 346 1368; x_wconf 90' lang='lat' dir='ltr'><strong>iu</strong></span> <span class='ocrx_word' id='word_1_64' title='bbox 367 1307 603 1372; x_wconf 82' lang='lat' dir='ltr'><strong>Grammatieurn</strong></span> <span class='ocrx_word' id='word_1_65' title='bbox 623 1323 760 1372; x_wconf 70' lang='lat' dir='ltr'><strong>noenum</strong></span> <span class='ocrx_word' id='word_1_66' title='bbox 783 1307 1075 1388; x_wconf 79' lang='lat' dir='ltr'><strong>animadversiones,</strong></span> <span class='ocrx_word' id='word_1_67' title='bbox 1102 1331 1185 1392; x_wconf 86' lang='lat' dir='ltr'><strong>quas,</strong></span> <span class='ocrx_word' id='word_1_68' title='bbox 1273 1311 1279 1326; x_wconf 88' lang='lat'>&#39;</span> 
     </span>
     <span class='ocr_line' id='line_1_11' title="bbox 118 1411 1187 1496; baseline 0.004 -26"><span class='ocrx_word' id='word_1_69' title='bbox 118 1418 250 1488; x_wconf 76' lang='lat' dir='ltr'><strong>postquam</strong></span> <span class='ocrx_word' id='word_1_70' title='bbox 285 1413 379 1472; x_wconf 83' lang='lat' dir='ltr'><strong>nimis</strong></span> <span class='ocrx_word' id='word_1_71' title='bbox 415 1411 469 1473; x_wconf 89' lang='lat' dir='ltr'><strong>diu</strong></span> <span class='ocrx_word' id='word_1_72' title='bbox 496 1413 529 1496; x_wconf 86' lang='lat' dir='ltr'><strong>in</strong></span> <span class='ocrx_word' id='word_1_73' title='bbox 559 1413 621 1474; x_wconf 85' lang='lat' dir='ltr'><strong>situ</strong></span> <span class='ocrx_word' id='word_1_74' title='bbox 651 1426 682 1474; x_wconf 88' lang='lat' dir='ltr'><strong>et</strong></span> <span class='ocrx_word' id='word_1_75' title='bbox 711 1411 859 1493; x_wconf 82' lang='lat' dir='ltr'><strong>squallore</strong></span> <span class='ocrx_word' id='word_1_76' title='bbox 893 1413 1023 1472; x_wconf 79' lang='lat' dir='ltr'><strong>abiectae</strong></span> <span class='ocrx_word' id='word_1_77' title='bbox 1060 1413 1187 1492; x_wconf 78' lang='lat' dir='ltr'><strong>fuerent,</strong></span> 
     </span>
     <span class='ocr_line' id='line_1_12' title="bbox 119 1509 1187 1580; baseline 0.008 -9"><span class='ocrx_word' id='word_1_78' title='bbox 119 1509 219 1574; x_wconf 77' lang='lat' dir='ltr'><strong>natea</strong></span> <span class='ocrx_word' id='word_1_79' title='bbox 244 1515 391 1577; x_wconf 81' lang='lat' dir='ltr'><strong>Stuebero</strong></span> <span class='ocrx_word' id='word_1_80' title='bbox 420 1517 453 1576; x_wconf 89' lang='lat' dir='ltr'><strong>in</strong></span> <span class='ocrx_word' id='word_1_81' title='bbox 480 1513 580 1578; x_wconf 84' lang='lat' dir='ltr'><strong>lucem</strong></span> <span class='ocrx_word' id='word_1_82' title='bbox 609 1515 787 1578; x_wconf 83' lang='lat' dir='ltr'><strong>emittendas</strong></span> <span class='ocrx_word' id='word_1_83' title='bbox 816 1513 938 1576; x_wconf 77' lang='lat' dir='ltr'><strong>tradidit</strong></span> <span class='ocrx_word' id='word_1_84' title='bbox 968 1509 1023 1578; x_wconf 76' lang='lat' dir='ltr'><strong>vie</strong></span> <span class='ocrx_word' id='word_1_85' title='bbox 1045 1515 1187 1580; x_wconf 84' lang='lat' dir='ltr'><strong>eruditis-</strong></span> 
     </span>
     <span class='ocr_line' id='line_1_13' title="bbox 117 1605 872 1678; baseline 0.008 -6"><span class='ocrx_word' id='word_1_86' title='bbox 117 1605 202 1678; x_wconf 78' lang='lat' dir='ltr'><strong>simus.</strong></span> <span class='ocrx_word' id='word_1_87' title='bbox 867 1617 872 1624; x_wconf 74' lang='grc'>’</span> 
     </span>
    </p>

    <p class='ocr_par' dir='ltr' id='par_1_6' title="bbox 110 1732 1257 3179">
     <span class='ocr_line' id='line_1_14' title="bbox 184 1732 1187 1828; baseline 0.004 -27"><span class='ocrx_word' id='word_1_88' title='bbox 184 1732 288 1802; x_wconf 79' lang='lat' dir='ltr'><strong>Postea</strong></span> <span class='ocrx_word' id='word_1_89' title='bbox 317 1739 400 1802; x_wconf 86' lang='lat' dir='ltr'><strong>idern</strong></span> <span class='ocrx_word' id='word_1_90' title='bbox 420 1739 593 1806; x_wconf 84' lang='lat' dir='ltr'><strong>Bernardus</strong></span> <span class='ocrx_word' id='word_1_91' title='bbox 613 1741 769 1824; x_wconf 83' lang='lat' dir='ltr'><strong>Anonymi</strong></span> <span class='ocrx_word' id='word_1_92' title='bbox 790 1737 884 1828; x_wconf 75' lang='lat' dir='ltr'><strong>Angli</strong></span> <span class='ocrx_word' id='word_1_93' title='bbox 904 1735 1008 1804; x_wconf 78' lang='lat' dir='ltr'><strong>Varias</strong></span> <span class='ocrx_word' id='word_1_94' title='bbox 1026 1739 1187 1806; x_wconf 74' lang='lat' dir='ltr'><strong>Lectiones</strong></span> 
     </span>
     <span class='ocr_line' id='line_1_15' title="bbox 115 1835 1188 1911; baseline 0.006 -9"><span class='ocrx_word' id='word_1_95' title='bbox 115 1835 295 1906; x_wconf 78' lang='lat' dir='ltr'><strong>iulloeride</strong></span> <span class='ocrx_word' id='word_1_96' title='bbox 322 1845 464 1911; x_wconf 85' lang='lat' dir='ltr'><strong>Atticista</strong></span> <span class='ocrx_word' id='word_1_97' title='bbox 493 1868 532 1908; x_wconf 87' lang='lat' dir='ltr'><strong>ex</strong></span> <span class='ocrx_word' id='word_1_98' title='bbox 559 1843 727 1909; x_wconf 85' lang='lat' dir='ltr'><strong>Collatione</strong></span> <span class='ocrx_word' id='word_1_99' title='bbox 764 1845 885 1908; x_wconf 79' lang='lat' dir='ltr'><strong>Codicis</strong></span> <span class='ocrx_word' id='word_1_100' title='bbox 913 1844 982 1908; x_wconf 83' lang='lat' dir='ltr'><strong>Me.</strong></span> <span class='ocrx_word' id='word_1_101' title='bbox 1016 1847 1188 1908; x_wconf 80' lang='lat' dir='ltr'><strong>observatae</strong></span> 
     </span>
     <span class='ocr_line' id='line_1_16' title="bbox 114 1935 1188 2034; baseline 0.003 -26"><span class='ocrx_word' id='word_1_102' title='bbox 114 1935 173 2029; x_wconf 78' lang='lat' dir='ltr'><strong>(tic)</strong></span> <span class='ocrx_word' id='word_1_103' title='bbox 189 1946 224 2008; x_wconf 83' lang='lat' dir='ltr'><strong>ad</strong></span> <span class='ocrx_word' id='word_1_104' title='bbox 240 1971 292 2010; x_wconf 82' lang='lat' dir='ltr'><strong>ura</strong></span> <span class='ocrx_word' id='word_1_105' title='bbox 312 1950 413 2028; x_wconf 85' lang='lat' dir='ltr'><strong>misit,</strong></span> <span class='ocrx_word' id='word_1_106' title='bbox 453 1945 638 2012; x_wconf 85' lang='lat' dir='ltr'><strong>aStoebero</strong></span> <span class='ocrx_word' id='word_1_107' title='bbox 665 1963 818 2034; x_wconf 76' lang='lat' dir='ltr'><strong>acceptae:</strong></span> <span class='ocrx_word' id='word_1_108' title='bbox 858 1949 900 2010; x_wconf 82' lang='lat' dir='ltr'><strong>de</strong></span> <span class='ocrx_word' id='word_1_109' title='bbox 931 1950 1040 2030; x_wconf 88' lang='lat' dir='ltr'><strong>quibus</strong></span> <span class='ocrx_word' id='word_1_110' title='bbox 1068 1949 1110 2010; x_wconf 83' lang='lat' dir='ltr'><strong>ite</strong></span> <span class='ocrx_word' id='word_1_111' title='bbox 1131 1951 1188 2013; x_wconf 91' lang='lat' dir='ltr'><strong>Vir</strong></span> 
     </span>
     <span class='ocr_line' id='line_1_17' title="bbox 114 2042 1187 2138; baseline 0.006 -30"><span class='ocrx_word' id='word_1_112' title='bbox 114 2042 178 2108; x_wconf 81' lang='lat' dir='ltr'><strong>Clar.</strong></span> <span class='ocrx_word' id='word_1_113' title='bbox 196 2051 226 2111; x_wconf 88' lang='lat' dir='ltr'><strong>iu</strong></span> <span class='ocrx_word' id='word_1_114' title='bbox 246 2049 358 2114; x_wconf 85' lang='lat' dir='ltr'><strong>litteris</strong></span> <span class='ocrx_word' id='word_1_115' title='bbox 380 2053 420 2114; x_wconf 86' lang='lat' dir='ltr'><strong>ed</strong></span> <span class='ocrx_word' id='word_1_116' title='bbox 440 2075 490 2114; x_wconf 88' lang='lat' dir='ltr'><strong>me</strong></span> <span class='ocrx_word' id='word_1_117' title='bbox 511 2053 604 2116; x_wconf 86' lang='lat' dir='ltr'><strong>datis:</strong></span> <span class='ocrx_word' id='word_1_118' title='bbox 637 2055 772 2138; x_wconf 86' lang='lat' dir='ltr'><strong>„Aooepi</strong></span> <span class='ocrx_word' id='word_1_119' title='bbox 793 2065 860 2116; x_wconf 85' lang='lat' dir='ltr'><strong>aute</strong></span> <span class='ocrx_word' id='word_1_120' title='bbox 880 2051 996 2134; x_wconf 75' lang='lat' dir='ltr'><strong>aliquot</strong></span> <span class='ocrx_word' id='word_1_121' title='bbox 1017 2051 1083 2113; x_wconf 88' lang='lat' dir='ltr'><strong>dies</strong></span> <span class='ocrx_word' id='word_1_122' title='bbox 1102 2051 1187 2114; x_wconf 86' lang='lat' dir='ltr'><strong>litte-</strong></span> 
     </span>
     <span class='ocr_line' id='line_1_18' title="bbox 113 2153 1188 2240; baseline 0.004 -26"><span class='ocrx_word' id='word_1_123' title='bbox 113 2171 168 2225; x_wconf 86' lang='lat' dir='ltr'><strong>„ras</strong></span> <span class='ocrx_word' id='word_1_124' title='bbox 193 2155 275 2218; x_wconf 74' lang='lat' dir='ltr'><strong>act.</strong></span> <span class='ocrx_word' id='word_1_125' title='bbox 300 2157 449 2218; x_wconf 74' lang='lat' dir='ltr'><strong>stoebero</strong></span> <span class='ocrx_word' id='word_1_126' title='bbox 469 2171 589 2238; x_wconf 85' lang='lat' dir='ltr'><strong>nostru,</strong></span> <span class='ocrx_word' id='word_1_127' title='bbox 631 2161 664 2220; x_wconf 87' lang='lat' dir='ltr'><strong>in</strong></span> <span class='ocrx_word' id='word_1_128' title='bbox 695 2160 803 2240; x_wconf 88' lang='lat' dir='ltr'><strong>quibus</strong></span> <span class='ocrx_word' id='word_1_129' title='bbox 834 2179 896 2218; x_wconf 87' lang='lat' dir='ltr'><strong>nou</strong></span> <span class='ocrx_word' id='word_1_130' title='bbox 925 2153 1024 2218; x_wconf 87' lang='lat' dir='ltr'><strong>solum</strong></span> <span class='ocrx_word' id='word_1_131' title='bbox 1051 2167 1188 2236; x_wconf 86' lang='lat' dir='ltr'><strong>testetur,</strong></span> 
     </span>
     <span class='ocr_line' id='line_1_19' title="bbox 114 2257 1257 2344; baseline 0.003 -25"><span class='ocrx_word' id='word_1_132' title='bbox 114 2272 298 2344; x_wconf 69' lang='lat' dir='ltr'><strong>„quantopere</strong></span> <span class='ocrx_word' id='word_1_133' title='bbox 326 2257 469 2338; x_wconf 86' lang='lat' dir='ltr'><strong>laetetur,</strong></span> <span class='ocrx_word' id='word_1_134' title='bbox 510 2261 593 2344; x_wconf 91' lang='lat' dir='ltr'><strong>quod</strong></span> <span class='ocrx_word' id='word_1_135' title='bbox 621 2263 675 2322; x_wconf 86' lang='lat' dir='ltr'><strong>Tu</strong></span> <span class='ocrx_word' id='word_1_136' title='bbox 702 2259 834 2324; x_wconf 85' lang='lat' dir='ltr'><strong>Moeridi</strong></span> <span class='ocrx_word' id='word_1_137' title='bbox 862 2279 969 2320; x_wconf 82' lang='lat' dir='ltr'><strong>manns</strong></span> <span class='ocrx_word' id='word_1_138' title='bbox 999 2258 1186 2339; x_wconf 67' lang='lat' dir='ltr'><strong>admovebis,</strong></span> <span class='ocrx_word' id='word_1_139' title='bbox 1253 2287 1257 2302; x_wconf 85' lang='lat'><strong>·</strong></span> 
     </span>
     <span class='ocr_line' id='line_1_20' title="bbox 114 2361 1235 2456; baseline 0.009 -38"><span class='ocrx_word' id='word_1_140' title='bbox 114 2379 223 2434; x_wconf 83' lang='lat' dir='ltr'><strong>„verum</strong></span> <span class='ocrx_word' id='word_1_141' title='bbox 244 2366 338 2426; x_wconf 86' lang='lat' dir='ltr'><strong>etiam</strong></span> <span class='ocrx_word' id='word_1_142' title='bbox 358 2377 461 2448; x_wconf 78' lang='lat' dir='ltr'><strong>roget,</strong></span> <span class='ocrx_word' id='word_1_143' title='bbox 492 2378 528 2426; x_wconf 90' lang='lat' dir='ltr'><strong>ut</strong></span> <span class='ocrx_word' id='word_1_144' title='bbox 548 2367 700 2428; x_wconf 82' lang='lat' dir='ltr'><strong>variantes</strong></span> <span class='ocrx_word' id='word_1_145' title='bbox 720 2364 899 2440; x_wconf 80' lang='lat' dir='ltr'><strong>Lectiones,</strong></span> <span class='ocrx_word' id='word_1_146' title='bbox 931 2383 1004 2444; x_wconf 87' lang='lat' dir='ltr'><strong>quas</strong></span> <span class='ocrx_word' id='word_1_147' title='bbox 1024 2361 1076 2424; x_wconf 89' lang='lat' dir='ltr'><strong>hio</strong></span> <span class='ocrx_word' id='word_1_148' title='bbox 1097 2363 1188 2428; x_wconf 85' lang='lat' dir='ltr'><strong>simul</strong></span> <span class='ocrx_word' id='word_1_149' title='bbox 1228 2445 1235 2456; x_wconf 38' lang='lat'><strong>·</strong></span> 
     </span>
     <span class='ocr_line' id='line_1_21' title="bbox 112 2465 1227 2553; baseline 0.002 -27"><span class='ocrx_word' id='word_1_150' title='bbox 112 2467 242 2550; x_wconf 51' lang='lat' dir='ltr'><strong>‚pecipim</strong></span> <span class='ocrx_word' id='word_1_151' title='bbox 286 2489 360 2532; x_wconf 82' lang='lat' dir='ltr'><strong>eum</strong></span> <span class='ocrx_word' id='word_1_152' title='bbox 388 2468 520 2552; x_wconf 85' lang='lat' dir='ltr'><strong>plurima</strong></span> <span class='ocrx_word' id='word_1_153' title='bbox 549 2471 755 2531; x_wconf 85' lang='lat' dir='ltr'><strong>observantiae</strong></span> <span class='ocrx_word' id='word_1_154' title='bbox 773 2465 1071 2553; x_wconf 78' lang='lat' dir='ltr'><strong>¹beneuolentiaeque</strong></span> <span class='ocrx_word' id='word_1_155' title='bbox 1100 2469 1185 2528; x_wconf 83' lang='lat' dir='ltr'><strong>testi·</strong></span> <span class='ocrx_word' id='word_1_156' title='bbox 1224 2493 1227 2499; x_wconf 95' lang='lat'>·</span> 
     </span>
     <span class='ocr_line' id='line_1_22' title="bbox 112 2569 1186 2642; baseline 0.005 -13"><span class='ocrx_word' id='word_1_157' title='bbox 112 2569 253 2642; x_wconf 65' lang='lat' dir='ltr'><strong>,desumo</strong></span> <span class='ocrx_word' id='word_1_158' title='bbox 273 2575 352 2636; x_wconf 87' lang='lat' dir='ltr'><strong>Tibi</strong></span> <span class='ocrx_word' id='word_1_159' title='bbox 373 2573 506 2634; x_wconf 85' lang='lat' dir='ltr'><strong>reddam.</strong></span> <span class='ocrx_word' id='word_1_160' title='bbox 550 2571 709 2636; x_wconf 76' lang='lat' dir='ltr'><strong>Misitheo</strong></span> <span class='ocrx_word' id='word_1_161' title='bbox 730 2572 768 2634; x_wconf 90' lang='lat' dir='ltr'><strong>ad</strong></span> <span class='ocrx_word' id='word_1_162' title='bbox 789 2572 897 2634; x_wconf 87' lang='lat' dir='ltr'><strong>Virum</strong></span> <span class='ocrx_word' id='word_1_163' title='bbox 919 2569 997 2631; x_wconf 80' lang='lat' dir='ltr'><strong>Glar.</strong></span> <span class='ocrx_word' id='word_1_164' title='bbox 1020 2572 1067 2632; x_wconf 87' lang='lat' dir='ltr'><strong>Jo.</strong></span> <span class='ocrx_word' id='word_1_165' title='bbox 1088 2573 1186 2638; x_wconf 83' lang='lat' dir='ltr'><strong>War-</strong></span> 
     </span>
     <span class='ocr_line' id='line_1_23' title="bbox 111 2670 1188 2761; baseline 0 -23"><span class='ocrx_word' id='word_1_166' title='bbox 111 2670 196 2753; x_wconf 60' lang='lat' dir='ltr'><strong>„diuq</strong></span> <span class='ocrx_word' id='word_1_167' title='bbox 216 2675 348 2761; x_wconf 76' lang='lat' dir='ltr'><strong>collegii</strong></span> <span class='ocrx_word' id='word_1_168' title='bbox 370 2677 596 2742; x_wconf 86' lang='lat' dir='ltr'><strong>Greshemensis</strong></span> <span class='ocrx_word' id='word_1_169' title='bbox 616 2677 787 2754; x_wconf 80' lang='lat' dir='ltr'><strong>Professor,</strong></span> <span class='ocrx_word' id='word_1_170' title='bbox 809 2671 976 2756; x_wconf 84' lang='lat' dir='ltr'><strong>quaelicet</strong></span> <span class='ocrx_word' id='word_1_171' title='bbox 995 2695 1107 2758; x_wconf 83' lang='lat' dir='ltr'><strong>paucae</strong></span> <span class='ocrx_word' id='word_1_172' title='bbox 1127 2677 1188 2738; x_wconf 89' lang='lat' dir='ltr'><strong>sint</strong></span> 
     </span>
     <span class='ocr_line' id='line_1_24' title="bbox 112 2778 1187 2860; baseline 0.004 -24"><span class='ocrx_word' id='word_1_173' title='bbox 112 2797 158 2852; x_wconf 83' lang='lat' dir='ltr'><strong>„aa</strong></span> <span class='ocrx_word' id='word_1_174' title='bbox 182 2795 335 2843; x_wconf 81' lang='lat' dir='ltr'><strong>auctorem</strong></span> <span class='ocrx_word' id='word_1_175' title='bbox 356 2779 534 2846; x_wconf 80' lang='lat' dir='ltr'><strong>collationis</strong></span> <span class='ocrx_word' id='word_1_176' title='bbox 561 2793 592 2844; x_wconf 83' lang='lat' dir='ltr'><strong>et</strong></span> <span class='ocrx_word' id='word_1_177' title='bbox 612 2779 755 2842; x_wconf 71' lang='lat' dir='ltr'><strong>euticem</strong></span> <span class='ocrx_word' id='word_1_178' title='bbox 776 2779 861 2858; x_wconf 62' lang='lat' dir='ltr'><strong>MS„</strong></span> <span class='ocrx_word' id='word_1_179' title='bbox 904 2778 986 2840; x_wconf 86' lang='lat' dir='ltr'><strong>unde</strong></span> <span class='ocrx_word' id='word_1_180' title='bbox 1014 2779 1187 2860; x_wconf 86' lang='lat' dir='ltr'><strong>depromtae</strong></span> 
     </span>
     <span class='ocr_line' id='line_1_25' title="bbox 110 2881 1187 2970; baseline 0.004 -28"><span class='ocrx_word' id='word_1_181' title='bbox 110 2895 204 2961; x_wconf 85' lang='lat' dir='ltr'><strong>„sunt,</strong></span> <span class='ocrx_word' id='word_1_182' title='bbox 228 2885 365 2948; x_wconf 78' lang='lat' dir='ltr'><strong>iudicare</strong></span> <span class='ocrx_word' id='word_1_183' title='bbox 386 2883 552 2970; x_wconf 84' lang='lat' dir='ltr'><strong>neglexerit</strong></span> <span class='ocrx_word' id='word_1_184' title='bbox 582 2883 685 2947; x_wconf 85' lang='lat' dir='ltr'><strong>Galeb.</strong></span> <span class='ocrx_word' id='word_1_185' title='bbox 705 2883 841 2968; x_wconf 81' lang='lat' dir='ltr'><strong>Anglus,</strong></span> <span class='ocrx_word' id='word_1_186' title='bbox 869 2881 994 2944; x_wconf 88' lang='lat' dir='ltr'><strong>minime</strong></span> <span class='ocrx_word' id='word_1_187' title='bbox 1022 2895 1124 2944; x_wconf 84' lang='lat' dir='ltr'><strong>tamen</strong></span> <span class='ocrx_word' id='word_1_188' title='bbox 1152 2905 1187 2946; x_wconf 87' lang='lat' dir='ltr'><strong>ee</strong></span> 
     </span>
     <span class='ocr_line' id='line_1_26' title="bbox 111 2983 1194 3072; baseline 0.002 -26"><span class='ocrx_word' id='word_1_189' title='bbox 111 3001 236 3070; x_wconf 85' lang='lat' dir='ltr'><strong>„propter</strong></span> <span class='ocrx_word' id='word_1_190' title='bbox 274 2985 421 3066; x_wconf 57' lang='grc' dir='ltr'><strong>νοθείας</strong></span> <span class='ocrx_word' id='word_1_191' title='bbox 463 2985 661 3072; x_wconf 77' lang='lat' dir='ltr'><strong>postulandae</strong></span> <span class='ocrx_word' id='word_1_192' title='bbox 688 2989 847 3067; x_wconf 66' lang='lat' dir='ltr'><strong>,videntur</strong></span> <span class='ocrx_word' id='word_1_193' title='bbox 878 2983 968 3048; x_wconf 89' lang='lat' dir='ltr'><strong>Doot.</strong></span> <span class='ocrx_word' id='word_1_194' title='bbox 1005 2983 1194 3060; x_wconf 51' lang='lat' dir='ltr'><strong>Stoeberof‘,</strong></span> 
     </span>
     <span class='ocr_line' id='line_1_27' title="bbox 110 3085 914 3179; baseline 0.002 -31"><span class='ocrx_word' id='word_1_195' title='bbox 110 3085 184 3152; x_wconf 81' lang='lat' dir='ltr'><strong>Hane</strong></span> <span class='ocrx_word' id='word_1_196' title='bbox 203 3090 406 3156; x_wconf 78' lang='lat' dir='ltr'><strong>collationem</strong></span> <span class='ocrx_word' id='word_1_197' title='bbox 428 3092 630 3154; x_wconf 83' lang='lat' dir='ltr'><strong>Wtrdianam</strong></span> <span class='ocrx_word' id='word_1_198' title='bbox 646 3089 799 3179; x_wconf 74' lang='lat' dir='ltr'><strong>appellare</strong></span> <span class='ocrx_word' id='word_1_199' title='bbox 820 3087 914 3152; x_wconf 87' lang='lat' dir='ltr'><strong>soleo.</strong></span> 
     </span>
    </p>
   </div>
   <div class='ocr_carea' id='block_1_5' title="bbox 51 3226 1227 3728">
    <p class='ocr_par' dir='ltr' id='par_1_7' title="bbox 51 3226 1227 3728">
     <span class='ocr_line' id='line_1_28' title="bbox 180 3226 1185 3311; baseline 0.006 -22"><span class='ocrx_word' id='word_1_200' title='bbox 180 3227 263 3290; x_wconf 87' lang='lat' dir='ltr'><strong>Haeo</strong></span> <span class='ocrx_word' id='word_1_201' title='bbox 284 3229 427 3292; x_wconf 85' lang='lat' dir='ltr'><strong>Stoeberi</strong></span> <span class='ocrx_word' id='word_1_202' title='bbox 449 3242 479 3290; x_wconf 84' lang='lat' dir='ltr'><strong>et</strong></span> <span class='ocrx_word' id='word_1_203' title='bbox 498 3230 644 3294; x_wconf 86' lang='lat' dir='ltr'><strong>Bernerdi</strong></span> <span class='ocrx_word' id='word_1_204' title='bbox 674 3229 818 3292; x_wconf 85' lang='lat' dir='ltr'><strong>beneiioio</strong></span> <span class='ocrx_word' id='word_1_205' title='bbox 846 3226 1094 3311; x_wconf 82' lang='lat' dir='ltr'><strong>acceptarelero.</strong></span> <span class='ocrx_word' id='word_1_206' title='bbox 1139 3228 1185 3295; x_wconf 82' lang='lat' dir='ltr'><strong>cl.</strong></span> 
     </span>
     <span class='ocr_line' id='line_1_29' title="bbox 108 3315 1186 3423; baseline 0 -29"><span class='ocrx_word' id='word_1_207' title='bbox 108 3315 213 3410; x_wconf 85' lang='lat' dir='ltr'><strong>quoqne</strong></span> <span class='ocrx_word' id='word_1_208' title='bbox 234 3333 403 3396; x_wconf 85' lang='lat' dir='ltr'><strong>Stoeberus</strong></span> <span class='ocrx_word' id='word_1_209' title='bbox 432 3333 514 3394; x_wconf 88' lang='lat' dir='ltr'><strong>eliud</strong></span> <span class='ocrx_word' id='word_1_210' title='bbox 536 3333 683 3396; x_wconf 84' lang='lat' dir='ltr'><strong>Moeridis</strong></span> <span class='ocrx_word' id='word_1_211' title='bbox 701 3332 852 3416; x_wconf 84' lang='lat' dir='ltr'><strong>exemplar</strong></span> <span class='ocrx_word' id='word_1_212' title='bbox 881 3353 914 3394; x_wconf 88' lang='lat' dir='ltr'><strong>se</strong></span> <span class='ocrx_word' id='word_1_213' title='bbox 935 3331 1096 3423; x_wconf 71' lang='lat' dir='ltr'><strong>miserm</strong></span> <span class='ocrx_word' id='word_1_214' title='bbox 1117 3331 1186 3416; x_wconf 90' lang='lat' dir='ltr'><strong>pol-</strong></span> 
     </span>
     <span class='ocr_line' id='line_1_30' title="bbox 51 3429 1227 3519; baseline 0.009 -26"><span class='ocrx_word' id='word_1_215' title='bbox 51 3467 53 3518; x_wconf 46' lang='lat'><strong>,</strong></span> <span class='ocrx_word' id='word_1_216' title='bbox 106 3429 194 3519; x_wconf 83' lang='lat' dir='ltr'><strong>licitus</strong></span> <span class='ocrx_word' id='word_1_217' title='bbox 214 3433 316 3500; x_wconf 84' lang='lat' dir='ltr'><strong>luerat</strong></span> <span class='ocrx_word' id='word_1_218' title='bbox 338 3438 597 3501; x_wconf 82' lang='lat' dir='ltr'><strong>observationibus</strong></span> <span class='ocrx_word' id='word_1_219' title='bbox 619 3439 682 3502; x_wconf 88' lang='lat' dir='ltr'><strong>suis</strong></span> <span class='ocrx_word' id='word_1_220' title='bbox 702 3437 829 3500; x_wconf 86' lang='lat' dir='ltr'><strong>ditatum</strong></span> <span class='ocrx_word' id='word_1_221' title='bbox 847 3435 930 3515; x_wconf 90' lang='lat' dir='ltr'><strong>(utor</strong></span> <span class='ocrx_word' id='word_1_222' title='bbox 952 3437 1094 3498; x_wconf 85' lang='lat' dir='ltr'><strong>Bernerdi</strong></span> <span class='ocrx_word' id='word_1_223' title='bbox 1113 3458 1188 3502; x_wconf 81' lang='lat' dir='ltr'><strong>rer·</strong></span> <span class='ocrx_word' id='word_1_224' title='bbox 1225 3473 1227 3478; x_wconf 96' lang='lat'>·</span> 
     </span>
     <span class='ocr_line' id='line_1_31' title="bbox 51 3519 1187 3622; baseline 0.01 -26"><span class='ocrx_word' id='word_1_225' title='bbox 51 3519 53 3540; x_wconf 72' lang='lat'>&#39;</span> <span class='ocrx_word' id='word_1_226' title='bbox 105 3532 174 3619; x_wconf 86' lang='lat' dir='ltr'><strong>bis),</strong></span> <span class='ocrx_word' id='word_1_227' title='bbox 214 3553 282 3602; x_wconf 86' lang='lat' dir='ltr'><strong>tum</strong></span> <span class='ocrx_word' id='word_1_228' title='bbox 316 3541 406 3602; x_wconf 85' lang='lat' dir='ltr'><strong>etiam</strong></span> <span class='ocrx_word' id='word_1_229' title='bbox 433 3543 494 3604; x_wconf 87' lang='lat' dir='ltr'><strong>viri</strong></span> <span class='ocrx_word' id='word_1_230' title='bbox 531 3541 690 3605; x_wconf 82' lang='lat' dir='ltr'><strong>cuiusdam</strong></span> <span class='ocrx_word' id='word_1_231' title='bbox 723 3539 805 3603; x_wconf 82' lang='lat' dir='ltr'><strong>docti</strong></span> <span class='ocrx_word' id='word_1_232' title='bbox 840 3551 925 3601; x_wconf 86' lang='lat' dir='ltr'><strong>notes</strong></span> <span class='ocrx_word' id='word_1_233' title='bbox 957 3539 1187 3622; x_wconf 82' lang='lat' dir='ltr'><strong>haudquaquam</strong></span> 
     </span>
     <span class='ocr_line' id='line_1_32' title="bbox 105 3644 1077 3728; baseline 0.001 -24"><span class='ocrx_word' id='word_1_234' title='bbox 105 3644 287 3722; x_wconf 78' lang='lat' dir='ltr'><strong>spernendas.</strong></span> <span class='ocrx_word' id='word_1_235' title='bbox 332 3645 395 3706; x_wconf 84' lang='lat' dir='ltr'><strong>Sed</strong></span> <span class='ocrx_word' id='word_1_236' title='bbox 417 3659 541 3709; x_wconf 88' lang='lat' dir='ltr'><strong>neutrae</strong></span> <span class='ocrx_word' id='word_1_237' title='bbox 563 3647 603 3709; x_wconf 83' lang='lat' dir='ltr'><strong>ed</strong></span> <span class='ocrx_word' id='word_1_238' title='bbox 623 3665 728 3708; x_wconf 86' lang='lat' dir='ltr'><strong>manus</strong></span> <span class='ocrx_word' id='word_1_239' title='bbox 757 3665 839 3706; x_wconf 87' lang='lat' dir='ltr'><strong>meas</strong></span> <span class='ocrx_word' id='word_1_240' title='bbox 865 3659 1077 3728; x_wconf 85' lang='lat' dir='ltr'><strong>pervenerunt.</strong></span> 
     </span>
    </p>
   </div>
   <div class='ocr_carea' id='block_1_6' title="bbox 104 3753 1255 4374">
    <p class='ocr_par' dir='ltr' id='par_1_8' title="bbox 104 3753 1255 4374">
     <span class='ocr_line' id='line_1_33' title="bbox 177 3753 1188 3836; baseline 0.009 -11"><span class='ocrx_word' id='word_1_241' title='bbox 177 3763 242 3827; x_wconf 79' lang='lat' dir='ltr'><strong>vix</strong></span> <span class='ocrx_word' id='word_1_242' title='bbox 262 3765 340 3827; x_wconf 87' lang='lat' dir='ltr'><strong>dum</strong></span> <span class='ocrx_word' id='word_1_243' title='bbox 362 3787 463 3836; x_wconf 81' lang='lat' dir='ltr'><strong>meum</strong></span> <span class='ocrx_word' id='word_1_244' title='bbox 486 3767 525 3829; x_wconf 91' lang='lat' dir='ltr'><strong>de</strong></span> <span class='ocrx_word' id='word_1_245' title='bbox 546 3767 682 3831; x_wconf 83' lang='lat' dir='ltr'><strong>Moeride</strong></span> <span class='ocrx_word' id='word_1_246' title='bbox 703 3763 899 3828; x_wconf 71' lang='lat' dir='ltr'><strong>ementiendo</strong></span> <span class='ocrx_word' id='word_1_247' title='bbox 931 3753 1091 3830; x_wconf 71' lang='lat' dir='ltr'><strong>curulium</strong></span> <span class='ocrx_word' id='word_1_248' title='bbox 1112 3769 1188 3834; x_wconf 83' lang='lat' dir='ltr'><strong>Viro</strong></span> 
     </span>
     <span class='ocr_line' id='line_1_34' title="bbox 105 3862 1186 3953; baseline 0.006 -24"><span class='ocrx_word' id='word_1_249' title='bbox 105 3862 328 3952; x_wconf 71' lang='lat' dir='ltr'><strong>litteratissime</strong></span> <span class='ocrx_word' id='word_1_250' title='bbox 355 3869 405 3933; x_wconf 82' lang='lat' dir='ltr'><strong>Jo.</strong></span> <span class='ocrx_word' id='word_1_251' title='bbox 436 3869 590 3950; x_wconf 86' lang='lat' dir='ltr'><strong>Albertio,</strong></span> <span class='ocrx_word' id='word_1_252' title='bbox 635 3893 695 3952; x_wconf 90' lang='lat' dir='ltr'><strong>quo</strong></span> <span class='ocrx_word' id='word_1_253' title='bbox 725 3870 803 3934; x_wconf 88' lang='lat' dir='ltr'><strong>nihil</strong></span> <span class='ocrx_word' id='word_1_254' title='bbox 829 3870 891 3932; x_wconf 88' lang='lat' dir='ltr'><strong>dari</strong></span> <span class='ocrx_word' id='word_1_255' title='bbox 920 3883 1021 3953; x_wconf 78' lang='lat' dir='ltr'><strong>potent</strong></span> <span class='ocrx_word' id='word_1_256' title='bbox 1051 3873 1186 3951; x_wconf 71' lang='lat' dir='ltr'><strong>surius,</strong></span> 
     </span>
     <span class='ocr_line' id='line_1_35' title="bbox 104 3970 1255 4062; baseline 0.008 -32"><span class='ocrx_word' id='word_1_257' title='bbox 104 3970 172 4030; x_wconf 83' lang='lat' dir='ltr'><strong>nihil</strong></span> <span class='ocrx_word' id='word_1_258' title='bbox 192 3973 372 4052; x_wconf 74' lang='lat' dir='ltr'><strong>candidius,</strong></span> <span class='ocrx_word' id='word_1_259' title='bbox 393 3975 581 4054; x_wconf 83' lang='lat' dir='ltr'><strong>innotuerat,</strong></span> <span class='ocrx_word' id='word_1_260' title='bbox 605 3997 676 4038; x_wconf 81' lang='lat' dir='ltr'><strong>aum</strong></span> <span class='ocrx_word' id='word_1_261' title='bbox 697 3997 736 4038; x_wconf 87' lang='lat' dir='ltr'><strong>ne</strong></span> <span class='ocrx_word' id='word_1_262' title='bbox 757 3989 877 4062; x_wconf 86' lang='lat' dir='ltr'><strong>rogatus</strong></span> <span class='ocrx_word' id='word_1_263' title='bbox 899 3975 1020 4057; x_wconf 86' lang='lat' dir='ltr'><strong>quidem</strong></span> <span class='ocrx_word' id='word_1_264' title='bbox 1042 3989 1074 4037; x_wconf 87' lang='lat' dir='ltr'><strong>et</strong></span> <span class='ocrx_word' id='word_1_265' title='bbox 1093 3975 1188 4038; x_wconf 76' lang='grc' dir='ltr'><strong>6οῶ-</strong></span> <span class='ocrx_word' id='word_1_266' title='bbox 1252 3987 1255 4002; x_wconf 87' lang='grc'><strong>“</strong></span> 
     </span>
     <span class='ocr_line' id='line_1_36' title="bbox 106 4056 1188 4160; baseline 0.007 -23"><span class='ocrx_word' id='word_1_267' title='bbox 106 4075 139 4135; x_wconf 82' lang='lat' dir='ltr'><strong>tis</strong></span> <span class='ocrx_word' id='word_1_268' title='bbox 157 4056 333 4156; x_wconf 60' lang='lat' dir='ltr'><strong>Voseieni,</strong></span> <span class='ocrx_word' id='word_1_269' title='bbox 350 4079 403 4160; x_wconf 89' lang='lat' dir='ltr'><strong>qui</strong></span> <span class='ocrx_word' id='word_1_270' title='bbox 430 4077 543 4142; x_wconf 83' lang='lat' dir='ltr'><strong>Leidae</strong></span> <span class='ocrx_word' id='word_1_271' title='bbox 563 4093 717 4158; x_wconf 78' lang='lat' dir='ltr'><strong>servatur,</strong></span> <span class='ocrx_word' id='word_1_272' title='bbox 751 4079 950 4144; x_wconf 77' lang='lat' dir='ltr'><strong>collationem</strong></span> <span class='ocrx_word' id='word_1_273' title='bbox 969 4081 1188 4145; x_wconf 80' lang='lat' dir='ltr'><strong>eremetiesitne</strong></span> 
     </span>
     <span class='ocr_line' id='line_1_37' title="bbox 107 4181 1190 4270; baseline 0.007 -30"><span class='ocrx_word' id='word_1_274' title='bbox 107 4195 167 4240; x_wconf 82' lang='lat' dir='ltr'><strong>aee</strong></span> <span class='ocrx_word' id='word_1_275' title='bbox 186 4181 360 4244; x_wconf 80' lang='lat' dir='ltr'><strong>institutam</strong></span> <span class='ocrx_word' id='word_1_276' title='bbox 383 4183 459 4245; x_wconf 87' lang='lat' dir='ltr'><strong>mihi</strong></span> <span class='ocrx_word' id='word_1_277' title='bbox 481 4181 598 4258; x_wconf 84' lang='lat' dir='ltr'><strong>obtulit,</strong></span> <span class='ocrx_word' id='word_1_278' title='bbox 616 4199 647 4247; x_wconf 91' lang='lat' dir='ltr'><strong>et</strong></span> <span class='ocrx_word' id='word_1_279' title='bbox 667 4187 836 4249; x_wconf 81' lang='lat' dir='ltr'><strong>Verborum</strong></span> <span class='ocrx_word' id='word_1_280' title='bbox 857 4183 1014 4265; x_wconf 81' lang='lat' dir='ltr'><strong>Ordinem,</strong></span> <span class='ocrx_word' id='word_1_281' title='bbox 1034 4186 1136 4270; x_wconf 89' lang='lat' dir='ltr'><strong>prouti</strong></span> <span class='ocrx_word' id='word_1_282' title='bbox 1156 4185 1190 4248; x_wconf 89' lang='lat' dir='ltr'><strong>iu</strong></span> 
     </span>
     <span class='ocr_line' id='line_1_38' title="bbox 111 4279 768 4374; baseline 0.009 -28"><span class='ocrx_word' id='word_1_283' title='bbox 111 4279 167 4346; x_wconf 73' lang='lat' dir='ltr'><strong>MS.</strong></span> <span class='ocrx_word' id='word_1_284' title='bbox 188 4285 268 4353; x_wconf 77' lang='lat' dir='ltr'><strong>cod.</strong></span> <span class='ocrx_word' id='word_1_285' title='bbox 295 4301 369 4370; x_wconf 80' lang='lat' dir='ltr'><strong>eret,</strong></span> <span class='ocrx_word' id='word_1_286' title='bbox 391 4309 482 4352; x_wconf 88' lang='lat' dir='ltr'><strong>mauu</strong></span> <span class='ocrx_word' id='word_1_287' title='bbox 502 4311 556 4354; x_wconf 87' lang='lat' dir='ltr'><strong>sua</strong></span> <span class='ocrx_word' id='word_1_288' title='bbox 576 4289 768 4374; x_wconf 84' lang='lat' dir='ltr'><strong>descriptum.</strong></span> 
     </span>
    </p>
   </div>
   <div class='ocr_carea' id='block_1_7' title="bbox 0 0 1426 4946">
    <p class='ocr_par' dir='ltr' id='par_1_9' title="bbox 0 0 1426 4946">
     <span class='ocr_line' id='line_1_39' title="bbox 0 0 1426 4946; baseline 0 1"><span class='ocrx_word' id='word_1_289' title='bbox 0 0 1426 4946; x_wconf 95' lang='lat' dir='ltr'><strong> </strong></span> 
     </span>
    </p>
   </div>
  </div>
 </body>
</html>
