2860 4942
225 315 287 366 cn

160 487 172 511 .
225 448 333 511 vim
354 441 553 524 uheurietur·
596 443 685 508 Heuo
711 465 786 512 vero
813 441 954 508 vocabuli
981 443 1154 519 notionem,
1185 461 1204 502 a
1232 442 1318 524 prio-

224 554 308 612 ribus
329 570 391 612 non
412 550 454 610 ita
474 545 692 627 abhorrentem,
714 549 895 612 munimem
915 547 1043 634 dinone,
1064 564 1161 630 quem
1180 559 1316 610 tantum-

224 655 315 719 moio
343 655 423 718 inan
450 653 695 736 interpretatione
731 651 792 714 looi
827 651 1039 736 Aristophauei
1077 647 1317 734 (Thesmophor.

224 781 258 820 v.
281 757 394 840 5620),
423 757 475 838 qui
504 757 614 818 mirum
643 770 788 840 quantum
808 755 957 820 Kusteroa
984 757 1111 818 vexavit
1131 755 1317 818 Brunohioa-
1414 779 1415 784 ¹

225 884 294 944 que,
308 859 432 924 rabiliri
446 861 551 944 possit
580 859 721 943 imperite
740 875 839 927 autem
854 859 1074 946 Lexioographi
1091 857 1230 923 nonnulli
1244 859 1316 920 inde

225 964 427 1049 collegerunt,
447 957 660 1045 orianicwes
682 987 766 1046 esse,
796 971 954 1050 qno'equa
975 965 1128 1043 hauritur,
1158 965 1212 1048 qui
1233 985 1316 1025 error

226 1093 265 1132 ne
286 1067 444 1132 Olearium
463 1067 584 1149 quidam
605 1070 684 1155 fugit
702 1072 735 1132 iu
756 1072 830 1140 hiat.
854 1069 892 1130 ei
914 1069 1040 1132 Snidrm
1060 1069 1178 1132 Ernesti
1198 1066 1315 1128 Obser-

224 1187 299 1242 vatt.
320 1170 445 1237 Philoli.
467 1171 554 1237 criu
572 1175 690 1238 insertis
710 1197 741 1258 Ρ.
752 1175 827 1244 304.
849 1174 899 1242 cf.
922 1171 1029 1234 Peter.
1051 1171 1204 1253 edSyuee.
1221 1175 1313 1253 nae.

310 1275 424 1356 Reium
446 1276 528 1338 unde
550 1277 700 1361 digressus
721 1301 799 1342 sum.
840 1277 1033 1340 Herodienue
1053 1278 1163 1362 igitur,
1195 1271 1316 1355 eiquid

222 1381 325 1460 video,
346 1381 407 1443 hou
426 1380 514 1441 unice
531 1379 638 1452 voluit,
656 1385 741 1446 rosis
755 1375 895 1466 στλεγγὶς
909 1382 1155 1467 significationem
1171 1401 1236 1440 eam
1251 1399 1316 1440 esre

223 1487 366 1569 probam,
394 1481 447 1546 vel
467 1485 702 1565 usitatissimam,
735 1509 793 1570 qna
814 1475 949 1569 ξύστραν
978 1497 1063 1548 notet
1082 1503 1232 1570 quamquo
1248 1483 1315 1565 pri-

222 1592 347 1652 mariam
369 1601 438 1652 ante
465 1586 573 1672 posui,
605 1611 662 1654 ueo
690 1590 775 1654 aliter
799 1592 936 1674 usurpari
956 1593 1084 1654 verbum
1111 1580 1316 1668 ἀποστλεγγί-

224 1691 348 1756 sartor
367 1693 439 1756 iurle
460 1693 635 1758 deductum.
670 1695 733 1757 iam
760 1697 793 1756 iu
821 1698 882 1756 fine
916 1693 1132 1758 observationis
1164 1713 1240 1772 qnae
1268 1687 1316 1750 ie-

223 1811 346 1882 guntur,
376 1793 444 1858 ihre
463 1787 500 1860 «ti
516 1791 570 1862 rat
590 1785 627 1858 rh
646 1794 705 1878 τῆς
724 1788 858 1878 ξύστρας
878 1789 976 1877 ὄνομα
994 1786 1080 1882 παρὰ
1094 1790 1251 1878 Ἀρχίππῳ
1270 1787 1316 1872 uqi

222 1897 361 1981 κωμικῷ,
388 1919 452 1963 nou
481 1923 517 1962 ee
548 1901 587 1962 de
616 1923 703 1963 oausa
731 1902 833 1964 addita
852 1902 945 1964 fnisse
965 1915 1040 1985 puto
1062 1921 1080 1962 a
1102 1898 1316 1974 Grammatico,

221 2017 257 2066 ut
282 2003 466 2066 vooahrinnr
502 1993 621 2086 ξύστρα
657 2019 800 2086 tunquam
830 2005 961 2068 deterius
996 2005 1199 2088 improbaret:
1241 2002 1316 2074 imo,

222 2107 304 2192 quoi
322 2109 355 2170 in
377 2109 538 2171 rarioribus
567 2121 645 2170 uerte
667 2122 840 2172 numeretur
866 2131 947 2184 vox,
989 2121 1095 2172 notata
1123 2109 1197 2170 haee
1224 2105 1317 2190 digua

220 2213 336 2274 hahuit.

308 2366 396 2452 Peg.
416 2361 493 2431 4³¹.
538 2357 774 2432 Εὗθενεῖσθαι.
792 2367 918 2452 Legitur
939 2367 984 2430 aio
1004 2367 1127 2448 quidem
1148 2389 1198 2450 ep.
1222 2365 1316 2430 Dum.
1414 2447 1415 2451 Ἰ

225 2471 264 2536 ria
286 2467 353 2536 Cor.
374 2493 406 2554 Ρ.
422 2475 498 2537 321.
520 2469 558 2530 de
579 2468 659 2532 Fuls.
680 2471 754 2554 Leg.
777 2493 809 2554 p.
827 2471 904 2539 431.
925 2471 964 2533 de
985 2471 1024 2534 iis
1042 2471 1096 2553 qui
1114 2471 1147 2532 iu
1169 2469 1316 2532 Cherron.

224 2593 267 2664 Ρ.’
281 2578 333 2638 at.
365 2587 396 2634 et
425 2587 575 2656 praestare
605 2574 680 2634 dicit
701 2573 837 2637 Thomas
862 2575 1008 2660 Magister
1036 2575 1115 2636 hano
1139 2576 1317 2657 scripturam
1413 2589 1414 2622 t

226 2679 311 2746 alteri
331 2670 503 2757 εὗθηνεϊν,
533 2697 623 2757 quam
643 2689 743 2738 tamen
771 2691 806 2740 ut
825 2699 929 2740 reram
950 2701 967 2740 e
989 2681 1097 2744 Numis
1117 2679 1194 2740 eruit
1216 2680 1315 2760 Spau-

225 2783 343 2846 hemiue
365 2781 404 2842 de
423 2780 458 2842 P.
481 2781 521 2844 N.
552 2804 585 2864 p.
608 2785 681 2844 536.
725 2781 775 2851 cf.
803 2782 1029 2868 Wesseliugius
1059 2785 1098 2844 ad
1130 2782 1221 2848 Diod.
1250 2783 1316 2848 Sic.

225 2889 266 2949 T.
285 2883 340 2951 lJJ.
361 2907 393 2968 p.
416 2884 488 2946 544.
509 2882 558 2947 erl.
579 2885 648 2968 Bip.
670 2886 833 2951 Gratiarum
854 2889 896 2950 ed
917 2887 1045 2952 Aristid.
1066 2886 1202 2950 Decium.
1223 2887 1314 2969 Lept.

221 3015 256 3076 Pe
279 2995 332 3053 98.

306 3146 398 3230 Peg.
419 3143 495 3207 434.
515 3143 546 3208 h.
567 3157 631 3206 not.
662 3135 719 3204 οὔκ
744 3135 951 3230 ἀσύμβολος).
991 3145 1042 3208 De
1070 3145 1220 3210 Euatathii
1247 3143 1315 3208 looo

221 3273 257 3316 v.
286 3247 478 3311 Velekanmii
508 3249 591 3310 Dies.
621 3247 660 3310 de
691 3249 805 3316 Scholl.
844 3253 877 3312 in
906 3251 1034 3314 Homer.
1062 3249 1177 3334 opusc.
1214 3253 1254 3315 T.
1274 3251 1313 3310 11.

222 3349 253 3439 p.
279 3355 351 3418 149.
374 3351 421 3414 ed.
442 3351 527 3436 [ipe.
549 3353 715 3416 Hermann.
744 3353 784 3416 ei
804 3353 900 3438 Soph.
920 3355 1026 3442 Autig.
1046 3375 1080 3420 v.
1101 3355 1176 3418 488.
1192 3362 1314 3438 Ρ.110.

221 3457 270 3521 ed.
299 3470 370 3523 terto
640 3499 645 3508 ι
1130 3476 1135 3487 ’

305 3611 358 3674 Pe
365 3634 397 3698 g.
425 3611 499 3673 436.
544 3609 671 3684 ἔπαινος
705 3613 784 3674 inter
821 3627 852 3675 et
886 3603 1036 3697 ἐγκώμιον
1072 3613 1145 3696 qnid
1180 3613 1316 3678 rhetores
1410 3689 1411 3704 χ

220 3717 377 3782 statuerint
409 3713 609 3795 discriminis,
639 3718 778 3799 exposuit
808 3719 955 3792 Ernestus
984 3721 1016 3780 io
1046 3719 1123 3782 Lex.
1145 3717 1315 3785 Thechnol.
1410 3721 1411 3725 ’

219 3821 312 3889 Rhet.
339 3842 371 3904 Ρ.
392 3815 448 3884 92.
484 3819 566 3883 Add.
594 3823 618 3883 l.
641 3821 675 3884 G.
699 3821 864 3885 Hermann.
904 3821 942 3885 ad
971 3823 1097 3893 Luciau.
1133 3824 1172 3886 de
1202 3845 1317 3890 consor.
1409 3897 1410 3904 ἵ

218 3927 288 3990 hist.
317 3943 349 4008 Ρ.
372 3928 427 3990 to.

300 4081 386 4164 Pag.
406 4079 481 4144 436.
504 4099 550 4162 eq.
591 4065 636 4144 ti
668 4071 711 4162 μὴ
752 4066 998 4167 o'rrruyoornrrahr
1034 4062 1073 4146 ori
1109 4047 1317 4162 nutriuntur

221 4197 281 4251 eto.
314 4183 453 4248 Koeninr
475 4186 514 4248 ad
536 4187 628 4272 Greg.
650 4187 719 4250 Cor.
741 4211 776 4273 Ρ.
801 4194 852 4254 15.
874 4189 923 4252 ed.
946 4187 1066 4255 Schaei.
1089 4202 1183 4252 totam
1204 4187 1315 4250 hancce

1407 4225 1409 4282 i

221 4291 464 4354 observationem
503 4305 534 4353 et
563 4305 738 4373 sequentem
770 4293 878 4358 colluto
914 4294 1035 4358 Thomu
1059 4291 1223 4380 Magistro,
1263 4293 1316 4375 qui
1408 4333 1409 4363 r
