2844 4946
227 333 356 386 vant

312 461 408 524 ιιιι.
445 449 617 539 Ἄορνος.
645 435 1089 532 v.i0seci..a12h1yn.p
1116 431 1187 510 ιἰο.
1224 443 1319 512 wu-
1413 463 1414 488 ι

229 569 308 633 olrer.
338 565 376 626 ad
406 560 606 646 Hipponactis
641 559 760 640 Fragm.
796 579 842 639 p.
839 563 928 619 108.
979 553 1168 634 Phrynichus
1204 549 1318 633 Appar.

227 673 353 756 Soph.
343 693 375 731 in
396 668 492 730 Belslr.
516 665 575 728 An.
598 663 654 727 Gr.
673 661 713 726 T.
735 663 760 722 I.
784 683 815 743 p.
838 665 889 740 17,
912 667 968 724 22.
984 649 1147 740 ”Ασβολος
1169 648 1321 736 θηλυκῶς

227 772 369 858 λέγουσι,
395 759 648 844 “Ῑιτποῖνοιξδ’
631 761 814 848 ἀρσενικῶς.
842 759 926 836 τινὲς
957 757 993 824 δὲ
1014 757 1067 822 κοιλ
1093 752 1153 843 τὴν
1172 750 1320 848 doliolis.

227 883 267 943 Et
306 893 410 940 auctor
440 875 557 956 Στιναχ.
589 863 653 942 λέξ.
685 887 772 951 χρησ.
804 871 878 933 ibid.
909 893 940 952 p.
968 869 1049 944 450,
1081 873 1136 930 32.
1177 869 1245 929 sive
1273 889 1320 948 ap.

226 985 412 1050 Bechmann.
430 980 505 1044 Vol.
526 981 550 1043 I.
572 1001 606 1060 p.
630 979 703 1046 150,
723 979 774 1038 19.
797 963 925 1056 ''l-Aulio
928 993 976 1046 ος,
1006 963 1196 1053 θηλυκῶς
1179 991 1200 1051 η
1222 961 1322 1052 ἀσβο-

228 1083 298 1160 λος·
320 1081 393 1148 οὐδὲ
415 1075 470 1168 χάρ
491 1075 657 1168 ἀρσενικῶς
681 1072 697 1137 ὁ
719 1067 864 1159 ἀσβολος.
884 1067 1118 1162 Ἀριστοφάνης
1140 1067 1175 1136 ἔν
1200 1074 1323 1152 Θεσμο-

228 1181 463 1274 φοριαζούσαις·
486 1177 524 1250 ed
545 1180 679 1250 πλεῖστοι
700 1170 756 1262 χάρ
773 1175 1052 1262 ῗΑιτονιοιτόνηκας,
1083 1179 1162 1260 φεῦ,
1189 1170 1239 1240 ἰοὺ
1266 1175 1324 1256 τῆς

228 1283 376 1378 ἀσβόλου.
420 1297 472 1357 De·
496 1307 620 1357 accentu
649 1303 684 1346 v·
718 1287 826 1350 Arcsd.
860 1303 910 1374 ap.
938 1289 1020 1354 liast.
1061 1287 1100 1347 ad
1130 1285 1221 1368 Greg.
1253 1281 1323 1342 Gor.

229 1423 261 1486 p.
284 1401 361 1467 86’.4

317 1539 366 1600 Pa
374 1557 406 1622 g
434 1546 485 1600 10.
523 1527 683 1601 ”Modo
727 1539 768 1598 Et
789 1532 881 1598 Coisl
912 1543 942 1592 et
966 1531 1042 1612 Reg.
1071 1546 1178 1590 revera
1197 1525 1327 1588 habent.

231 1633 363 1714 diioui,
384 1631 537 1715 ἄλλοθεν,
559 1633 686 1716 ἀλλοοι,
709 1634 801 1705 ’.An
825 1629 994 1716 ἀλλαχόθι,
1017 1619 1209 1714 ἀλλαχόθεν,
1231 1620 1328 1689 ἀλλα-

232 1731 525 1826 χόσε,καινότερον.
558 1747 722 1826 inquibus
752 1741 829 1806 nihil
860 1739 1048 1802 mutandum.
1090 1739 1330 1799 Tancsnnoen.

233 1849 350 1936 Apogr.
370 1849 460 1912 Vose-
482 1871 540 1932 pro
562 1843 708 1930 ἀλλαχοῦ,
732 1847 813 1930 quod
832 1847 994 1908 Piersoous
1016 1841 1117 1918 dedit,
1137 1833 1265 1919 ἀλλαχῆ.

319 1986 408 2068 Peg.
432 1989 484 2048 11.
522 1977 686 2070 ”,Ανορχοι
723 1984 953 2066 Phrynichus
944 2005 976 2042 m
1003 1981 1117 2064 Appon
1149 1977 1242 2058 Soph.
1280 1995 1332 2055 ap.

234 2089 332 2155 Behlr.
354 2087 414 2150 Au.
436 2088 490 2150 Gr.
511 2091 551 2150 Τ.
573 2091 598 2152 l.
621 2115 654 2174 p.
677 2098 706 2161 3,
728 2091 781 2152 24.
801 2081 964 2170 ”,Αιορχοι
994 2079 1063 2146 ἴσον
1084 2077 1152 2142 ἐστὶ
1173 2077 1218 2158 τῷ
1237 2065 1334 2158 ἀνόρ-

234 2211 334 2277 ymos.
380 2191 426 2254 Gi.
455 2189 571 2276 Σονοχ.
603 2188 667 2268 λέξ.
697 2213 785 2276 χρνχο.
816 2193 890 2252 ibid.
919 2207 951 2273 p.
980 2192 1131 2266 406,11.
1164 2173 1335 2266 ἀνόρχητος

237 2313 337 2360 autem
360 2315 454 2377 quum
477 2298 586 2359 habeat
604 2297 719 2361 Moeris
752 2312 782 2360 et
811 2299 947 2359 Thomas
969 2295 1015 2356 M.
1044 2315 1074 2376 p.
1096 2293 1149 2353 75.
1177 2290 1249 2350 inde
1279 2309 1337 2348 eo·

236 2404 314 2486 rigas
333 2399 482 2462 Lobeclsii
512 2401 629 2463 dieta'
620 2425 651 2463 ιιι
681 2405 801 2486 Parorg.
824 2402 862 2462 ad
882 2401 995 2480 Phryn.
1023 2417 1054 2482 p·
1078 2404 1156 2460 730.
1182 2384 1337 2475 ἀόργητον

113 2543 115 2550 >
237 2507 291 2567 diu
312 2521 428 2584 notum,
449 2502 527 2566 illud
550 2527 648 2588 nuper
668 2507 791 2568 demum
813 2505 960 2586 sPhryn.
983 2498 1097 2586 Appar.
1119 2501 1186 2562 init.
1203 2513 1337 2561 erutum.

324 2657 425 2718 Ihid·
477 2645 744 2732 ’Λιιαλλάξονται.
788 2657 841 2720 sic
877 2679 982 2718 revera
1016 2655 1108 2716 habet
1136 2654 1211 2716 cod.
1243 2651 1342 2714 Coisl.

237 2761 351 2843 Regius
373 2749 582 2840 ἀνταλλάξατε,
602 2765 655 2826 sed
678 2765 782 2824 eadem
804 2785 897 2824 manu
919 2759 1029 2822 deinde
1050 2747 1343 2836 correctumltitrule

238 2854 395 2937 λᾶξονται.
428 2864 514 2927 Talis
535 2889 607 2928 usus
628 2871 735 2928 Futuri
757 2867 852 2928 Medii
876 2867 1016 2946 frequens
1037 2878 1082 2926 est
1103 2865 1185 2946 apud
1207 2862 1342 2924 Atticos.

241 2970 286 3032 Gi·
306 2971 373 3031 VV.
396 2971 467 3030 DD.
499 2972 605 3048 citatos
634 2995 652 3032 a
672 2971 819 3032 Matthiae
843 2971 895 3038 Gr.
916 2971 970 3033 Gr.
999 2991 1030 3051 p.
1056 2973 1130 3053 690τ
1159 2967 1249 3049 etiarn
1266 2967 1347 3025 Du-

239 3074 346 3136 herum
367 3073 405 3134 ad
427 3073 671 3141 Thanvuas.
692 3073 785 3142 Dahl.
808 3075 861 3137 Gr.
884 3074 937 3142 Gr.
958 3097 989 3156 p.
999 3073 1075 3136 244.
1098 3073 1346 3134 Tuncsruosar.

174 3249 179 3264 .
239 3180 288 3240 De
316 3166 605 3257 ἀπολλοχθήσομιιι
635 3200 671 3242 v.
699 3179 828 3242 Porson.
857 3178 895 3240 ad
924 3179 1030 3259 Eurip.
1062 3177 1175 3237 Phoeu·
1206 3197 1240 3244 v.
1261 3180 1345 3238 986.

241 3305 272 3364 p.
296 3281 347 3344 74.
371 3281 420 3342 ed.
442 3281 528 3366 Lips.
551 3295 620 3346 tert.
642 3283 750 3345 Monlt.
783 3283 822 3344 ad
844 3281 939 3344 eiusd.
961 3280 1088 3364 Hippol.
1121 3300 1156 3345 v.
1178 3283 1251 3342 356.

327 3435 415 3518 Peg.
441 3439 491 3496 12.
531 3423 723 3518 'Anni-cido.
752 3437 868 3521 Apogr.
888 3437 978 3500 Voss.
999 3457 1056 3520 pro
1076 3423 1253 3516 ἀπηλάοθη
1285 3453 1352 3495 ex-

242 3537 327 3600 hibet
347 3527 574 3620 ἀάρλάθνχσαν.

330 3675 433 3738 lbid.
473 3667 769 3750 Ἀπαλλαξιίοντες
803 3677 894 3742 Solos
919 3677 1032 3760 Regius
1059 3677 1169 3738 vitiose
1197 3667 1358 3735 ἀπαλλοτ-

245 3777 377 3855 ξὲοντες,
393 3777 485 3847 Coisl.
500 3775 769 3854 ἀπαλλαξιίοντες.
792 3783 1029 3850 Tunosunoru.
1050 3779 1288 3844 CLValclaenar.
1305 3783 1360 3843 ad

243 3885 515 3967 Eurip.Phoeniss.
525 3909 559 3948 ν.
570 3887 665 3948 1214.
677 3885 853 3950 Boissonad.
862 3887 1025 3967 adEnnap.
1036 3885 1078 3947 Τ.
1088 3885 1111 3946 l.
1120 3907 1151 3966 p.
1166 3891 1238 3947 180.
1256 3882 1364 3947 Haec

247 4003 347 4050 autem
357 3987 555 4050 desiderativa
562 3991 603 4050 ita
614 3989 761 4076 explicare
771 3993 988 4054 Grammaticos
995 4002 1100 4050 notum
1110 4003 1164 4066 est,
1172 3989 1364 4052 utverburn

247 4090 330 4174 ἔχειν
350 4093 478 4176 iungant
499 4083 649 4156 adverbiis
671 4099 704 4156 in
724 4077 821 4168 τῖιάις
841 4097 1057 4158 desinentibus.
1081 4093 1123 4156 V.
1144 4093 1280 4154 Schliler.
1306 4098 1368 4159 ad

246 4195 350 4260 Schol.
373 4195 475 4278 Apoll.
497 4195 596 4264 Rhod.
621 4199 663 4261 T.
686 4201 782 4284 11.p.
807 4207 876 4263 180.
901 4205 974 4262 328.
998 4201 1072 4263 621.
1101 4196 1276 4278 Aliquando
1301 4199 1368 4262 sic

248 4313 278 4360 et
299 4303 471 4384 posterioris
492 4304 595 4366 aetatis
624 4306 783 4389 scriptores
809 4303 985 4389 loquuntur.
1031 4303 1119 4366 Certe
1146 4301 1394 4370 Plutarchum'
