2844 4946
370 778 924 979 sorrtrnsirnnsorn
1030 985 1036 994 ,

80 1026 1316 1154 rrtAsFAffrtop

553 1271 756 1294 ...ι-ι..-

402 1464 721 1531 orrnrssrno
751 1427 887 1534 ¹v1no

176 1581 596 1694 GEORGIO
649 1587 1102 1682 HARBINIO
1237 1615 1245 1636 ‘

603 1738 633 1792 S·
651 1737 684 1794 Ρ.

88 1902 240 2004 Remitto
262 1929 356 2009 Tibi,
377 1931 434 1993 Vir
455 1934 591 2018 egregie,
613 1933 783 1996 Atticistrm
803 1945 909 2016 mnes,
930 1955 1021 2016 quem
1042 1934 1188 2018 superiori

89 2059 170 2100 enno
191 2036 273 2097 mihi
296 2034 397 2096 sttulit
418 2038 531 2100 etnicos
552 2051 640 2116 tuus,
668 2039 724 2100 Vir
745 2041 850 2104 donne
870 2041 979 2122 pariter
1001 2061 1035 2102 ec
1057 2039 1187 2102 nobilis:

90 2159 179 2224 teque
202 2161 258 2202 oro
290 2153 379 2220 etque
400 2141 549 2220 obtestor,
584 2156 619 2203 nt
646 2141 738 2225 longo
766 2157 834 2225 post
862 2141 1022 2206 intervallo
1048 2143 1188 2206 reducem
1216 2209 1218 2214 ,

89 2249 222 2331 benigne
245 2243 397 2325 excipics3
436 2257 554 2306 tentum
567 2245 647 2306 *licet
676 2245 805 2324 abillo,
833 2269 923 2328 quem
945 2247 1020 2307 mihi
1041 2248 1188 2310 utendum

90 2349 320 2433 perhnmrniter
342 2347 469 2428 dedisti,
491 2363 672 2426 nutetnm,
704 2363 738 2412 ot
764 2351 824 2410 ism
846 2373 901 2432 pro
932 2363 986 2410 tuo
1010 2349 1064 2410 vix
1085 2341 1202 2432 possesx

89 2475 265 2538 agnoscere.
300 2451 381 2514 Nem
403 2473 471 2512 cum
491 2454 523 2514 in
546 2453 731 2538 Apogrepho
752 2466 816 2530 tuo,
840 2453 921 2533 quod
944 2475 983 2514 ex
1005 2453 1051 2518 Cl.
1072 2455 1097 2516 1.
1120 2455 1187 2516 Pri·

90 2561 154 2620 csei
184 2555 311 2621 schedis
341 2555 524 2640 descriptum
554 2577 619 2620 osso
647 2557 724 2618 mihi
751 2556 900 2635 retulisti,
943 2577 1034 2622 voces
1066 2559 1187 2640 quidem

88 2661 336 2746 singularium
358 2659 537 2743 Alphebeti,
569 2675 604 2722 ut
625 2663 726 2738 ciunt,
749 2660 895 2722 elementa
918 2659 1076 2724 collocatos
1097 2663 1186 2724 inve-

86 2769 208 2842 nerim,
251 2765 354 2826 minus
370 2777 470 2826 tamen
494 2779 629 2826 accurate
656 2766 723 2826 istis
751 2765 785 2826 in
812 2763 923 2844 literis,
964 2787 1039 2846 quse
1060 2765 1187 2849 primam

87 2873 241 2952 mitesque
262 2867 405 2930 vocabuli
425 2868 541 2930 literam
575 2869 793 2950 insequuntur;
837 2869 913 2929 mihi
940 2867 1078 2929 libellum
1106 2869 1187 2930 hunc

84 2977 178 3038 edere
201 2973 323 3056 peremi
341 2975 490 3055 optimum
510 2975 613 3036 visum
635 2987 696 3050 est,
726 2973 871 3035 dictiones
900 2993 936 3034 es
959 2973 1102 3034 methodo
1124 2973 1187 3034 dis·
1249 2985 1252 2992 ’

83 3101 227 3162 ponere,
253 3098 315 3157 qus
333 3078 476 3139 Lectores
499 3075 662 3157 quaerendi
681 3076 783 3138 labore
800 3056 1023 3157 ‘aliquantolum
1037 3074 1187 3138 levorem:

81 3189 144 3246 etsi
166 3183 330 3255 noverim,
358 3180 423 3241 fore
448 3179 630 3257 nonnullos,
659 3183 711 3262 qui
733 3181 791 3244 hoc
812 3203 913 3244 mcum
934 3179 1106 3242 institutum
1127 3199 1186 3242 non

79 3290 203 3352 ieviter
225 3284 456 3366 reprehendent.
502 3283 655 3373 Quicquid
676 3298 777 3346 temen
805 3286 857 3346 isti
884 3287 1040 3361 (censores
1063 3283 1189 3361 morosi)

77 3395 146 3456 hac
170 3391 215 3451 cie
235 3411 269 3450 re
290 3389 437 3466 sentiant,
465 3387 591 3450 fidenter
619 3389 753 3466 offirmo,
784 3409 917 3471 paceque
937 3386 1058 3447 illorum
1080 3385 1187 3468 dicem,

80 3497 219 3580 culpem
239 3493 317 3554 hanc
337 3491 498 3554 levicula·
532 3495 574 3574 (si
596 3514 656 3573 qne
677 3495 724 3564 sit,
744 3494 902 3554 immutare
923 3493 1085 3552 verborum
1107 3491 1189 3552 ordi-

80 3623 182 3677 nem,
215 3597 270 3658 nbi
299 3617 362 3668 non
395 3595 453 3657 slis
472 3619 512 3660 ex
533 3595 599 3658 eliis
620 3619 699 3658 nexa
721 3611 793 3660 sunt
820 3609 851 3658 et
872 3597 950 3656 inter
981 3615 1013 3656 se
1036 3593 1189 3678 colligate)
1249 3621 1253 3632 ·

85 3702 362 3778 commodis,”nno
384 3700 558 3778 antelmo,
581 3701 651 3763 setis
673 3701 789 3784 mugnis
812 3697 1006 3783 compensari·
1025 3697 1188 3775 Praeterea,

84 3831 189 3890 quom
219 3808 254 3865 in
284 3805 389 3865 eodem
419 3804 474 3867 illo
504 3803 679 3887 Exemplsri
710 3801 858 3887 permulto
884 3817 1001 3881 essent,
1045 3801 1128 3884 quod
1155 3815 1189 3863 ιιι
1318 3805 1320 3808 ’

86 3914 221 3973 minime
241 3911 378 3994 ignores,
398 3910 562 3972 scribarum
584 3909 699 3970 incutis
722 3922 753 3970 et
772 3909 891 3969 inscitia
905 3905 1001 3969 velde
1022 3905 1189 3988 depravate,

85 4015 226 4098 plurime
249 4015 339 4074 etism
360 4013 467 4076 mutila
489 4027 519 4075 et
540 4013 732 4090 detruncate,
760 4025 848 4094 atque
869 4009 1015 4074 nonnulle
1045 4029 1101 4072 suo
1121 4006 1188 4072 loco

89 4122 228 4197 dimota,
253 4139 376 4201 opernm
398 4116 469 4179 dedi
490 4131 524 4178 ut
544 4119 655 4180 vitiosa
675 4115 854 4200 corrigerem
875 4129 906 4178 et
926 4115 1030 4176 luxato
1048 4135 1084 4174 sc
1105 4111 1187 4174 lecu·

87 4225 135 4286 nis
157 4223 278 4287 hiantis
303 4241 358 4284 suo
380 4243 515 4304 quaeque
540 4220 639 4282 ordini
661 4241 695 4280 ac
715 4217 879 4306 integritati
899 4220 1097 4296 restituerem.
1121 4215 1189 4295 Qne

87 4325 119 4388 in
140 4351 196 4410 re,
225 4339 262 4390 ιιι
283 4328 318 4388 in
340 4328 485 4389 universo
507 4347 597 4410 opere
618 4323 834 4409 perpoliendo,
865 4337 1010 4408 qnantum
1029 4320 1187 4405 perenite-
