2844 4946
158 303 230 354 vm

159 451 311 516 'l'lwmam
333 449 512 536 Magistrum
543 455 632 517 novit
652 455 894 532 Hematerhuaii,
932 451 1142 535 Oudendorpii
1172 441 1252 514 alio·

158 575 287 638 rumque
308 558 527 622 accensionibus
548 573 670 622 auctum
689 581 762 623 mox
778 562 862 644 typia
875 557 1111 644 imprimendum
1126 555 1252 618 curavit.

248 693 381 776 Accidit,
401 709 437 757 ut
459 697 565 761 endem
588 697 651 762 iere
671 713 809 784 tempore
838 711 906 762 ante
927 697 985 762 lroe
1013 707 1129 780 reptem
1150 711 1255 771 annor,

163 819 233 860 cum
262 797 391 872 aliorum
418 800 577 866 hominnm
607 803 759 866 doctrinae
795 826 830 865 ac
861 801 1024 886 sapientiae
1058 799 1139 860 iarna
1166 817 1257 882 prae-

165 903 324 982 stantium,
366 917 432 966 tum
459 909 618 990 praecipue
646 909 749 992 magni
775 905 859 970 illine
886 901 1128 980 Hematerhneii‚
1171 901 1258 963 cuiue

165 1007 271 1069 abaen‘a
290 1025 429 1072 nummus
451 1009 610 1074 admirator
631 1012 766 1090 fueram,
788 1009 930 1074 audiendi
951 1027 1072 1086 canera,
1094 1005 1134 1068 ad
1157 1025 1259 1068 eacra·

37 1169 41 1177 .
166 1110 311 1172 tieeimana
332 1112 491 1175 Musarum
518 1116 623 1178 aedem
653 1129 684 1178 at
704 1115 797 1178 totius
817 1114 915 1199 Belgii
942 1109 1090 1190 ocellum,
1132 1107 1261 1172 Leidana

168 1235 217 1275 me
244 1213 420 1279 conferrem.
473 1219 536 1284 Ubi
562 1242 632 1282 cum
660 1221 791 1282 Joannee
822 1215 934 1281 Daniel
962 1215 1157 1298 Lennepiue,
1199 1232 1261 1295 qno

168 1317 375 1399 Francquerae
396 1343 470 1384 naua
497 1321 613 1385 fueram
634 1323 730 1386 amico
759 1321 895 1405 optimu,
927 1334 957 1382 et
985 1319 1122 1382 Davidea
1150 1317 1263 1382 Ruhn-

167 1417 278 1483 hanina
298 1423 405 1485 codem
426 1439 560 1508 tempore
590 1427 750 1510 degerent,
781 1445 890 1506 meque
917 1423 962 1490 in.
983 1423 1144 1486 &micififfl
1175 1443 1263 1498 ΙΝ)

169 1535 200 1584 et
219 1523 398 1589 iamiiiarem
427 1519 695 1608 consuetudinem,
739 1551 799 1612 qua
826 1549 982 1609 nunqnam
1009 1527 1181 1592 suaviorem
1204 1547 1264 1590 ex-

170 1637 381 1710 pertaesum,
424 1635 625 1716 recepireent3
668 1633 701 1693 hi
730 1633 822 1716 primi
851 1631 927 1692 mihi
955 1643 1092 1694 auctoree
1118 1629 1266 1694 Moeridis
1332 1685 1339 1698 .
1395 1605 1418 1670 *v

172 1729 359 1794 emaculandi
378 1733 609 1818 illustrandiqne
637 1735 819 1798 extiterunt:
863 1735 1050 1798 Bernerdum
1074 1733 1143 1797 aliie
1174 1735 1266 1796 rebus
1330 1797 1335 1806 ,
1417 1785 1419 1794 ,

172 1845 203 1894 et
222 1833 362 1918 inprimis
381 1852 444 1900 arte
464 1839 580 1902 Clinica
609 1839 774 1902 exercenda
801 1829 1064 1922 occupitiaaimum
1085 1837 1268 1900 MSStoruna

173 1934 349 2001 collationes
369 1939 486 2024 aliaque
505 1942 634 2004 libenter
666 1944 698 2006 in
729 1965 803 2005 uana
825 1963 909 2006 meon
937 1963 1158 2006 concessurum.
1200 1943 1266 2004 Aa·

173 2041 264 2102 uerit
283 2044 523 2124 Hemeterhusii,
554 2045 684 2109 Albertii
703 2046 889 2129 aliorumque
911 2047 1087 2124 anctoritaa,
1116 2069 1135 2106 a
1157 2047 1267 2128 quibua

174 2143 334 2210 dissentire
354 2149 508 2233 piaculum
540 2171 606 2214 aare
624 2151 811 2214 existimavi.
855 2149 1070 2232 ltaque‘alacri
1091 2151 1190 2212 animo
1212 2149 1267 2214 lit-

173 2250 245 2312 terie
267 2251 306 2312 ad
326 2251 513 2315 Bernardum
535 2251 612 2316 datie
633 2256 670 2316 ab
692 2255 780 2338 ipro,
808 2275 885 2336 quae
905 2253 1072 2337 possideret
1092 2253 1131 2315 ad
1149 2251 1268 2316 Moeri-

174 2354 245 2416 dem
271 2357 471 2440 pertinentia,
513 2357 654 2420 audacter
682 2359 756 2442 petii
785 2359 960 2442 statimque,
1002 2377 1079 2441 quae
1107 2355 1269 2444 singularis

174 2457 243 2522 Viri
262 2457 432 2524 hnmanitas
453 2461 530 2542 fuit,
557 2463 725 2546 impetravi.

255 2579 347 2653 (Haec
367 2583 585 2666 praemittenda
606 2583 804 2663 videbantur,
833 2589 996 2667 antequam
1022 2581 1060 2643 de
1086 2582 1270 2646 MSStnrnm

176 2683 298 2748 auxiliis
325 2685 513 2768 aliorumque
539 2689 677 2749 virorum
705 2685 863 2748 doctorum
883 2683 1053 2764 laboribus,
1081 2687 1191 2770 quibua
1213 2687 1290 2752 adn

175 2789 260 2851 intua
280 2789 319 2850 ad
331 2789 501 2854 Moeridem
518 2791 747 2854 instaurandum
767 2809 816 2852 ma
838 2789 970 2870 contuli,
994 2791 1032 2852 de
1053 2811 1121 2854 mea
1141 2791 1273 2874 deniqne

176 2893 291 2956 ratione
319 2893 434 2976 aliquid
462 2896 603 2958 dicerem.

262 3009 293 3073 A
328 3016 483 3078 Bernardn
520 3017 613 3101 igitur
648 3009 880 3076 Hudronianam
917 3013 1066 3079 Moeridis
1107 3014 1272 3078 editionem

179 3115 300 3199 accepi,
328 3131 420 3200 quem
440 3141 511 3182 cum
533 3118 696 3184 Codicibne
718 3117 903 3182 coisliniann
934 3131 965 3180 et
983 3118 1080 3202 Regio
1100 3117 1274 3180 contulerat

179 3210 228 3282 Gi.
259 3221 433 3288 Stceberua.

149 3414 153 3424 Ι
264 3341 350 3404 Huic
364 3343 521 3410 adiunctae
542 3353 627 3406 erant
647 3341 793 3404 Diversae
813 3339 974 3405 Iaectiones
990 3339 1163 3424 Schlaegeri
1180 3361 1274 3404 manu

179 3457 334 3524 uentae,
381 3447 420 3508 de
449 3449 559 3528 qairrus
585 3447 628 3508 ita
657 3445 714 3507 Vir
740 3443 789 3508 Gi.
819 3445 852 3506 in
882 3441 989 3506 littarie
1012 3443 1049 3505 ad
1072 3443 1272 3506 Stoeberum:

179 3547 362 3624 „Ueeiderae
391 3571 409 3610 a
438 3569 488 3612 nae
516 3548 620 3613 Geleb.
650 3547 782 3610 Sallierii
817 3569 888 3610 cura
915 3545 1083 3630 expolitum
1114 3547 1274 3610 Atticiatae

180 3649 387 3734 ‚,exemplum,
409 3651 630 3734 quodquidam
652 3653 713 3714 iem
734 3650 851 3712 dudum
871 3651 903 3712 in
926 3649 1055 3742 Galliam
1076 3651 1272 3736 remigravit:
1321 3675 1332 3696 ·

180 3753 256 3833 „ced
273 3757 319 3818 uti
341 3757 405 3818 eine
426 3757 553 3842 margini
575 3755 673 3818 allitaa
695 3768 784 3836 atque
806 3775 845 3816 ex
868 3751 1030 3818 codicibus
1051 3755 1194 3818 l‘ariainie
1211 3777 1273 3838 pe-

180 3858 271 3934 „titar
290 3859 441 3922 varianter
463 3858 609 3922 lectiones
631 3879 722 3920 manu
745 3879 811 3918 mea
833 3857 994 3940 dcmfipri,
1016 3860 1058 3920 ita
1079 3857 1173 3920 hocce
1194 3879 1274 3942 apo-

88 4015 93 4025 ,
180 3964 350 4046 „grepirnm
370 3965 458 4026 mitto
480 3964 584 4044 tuique
612 3964 687 4024 iuria
708 3981 772 4023 esre
794 3961 895 4023 iuben.
939 3959 1172 4024 Animadvertea
1193 3965 1274 4025 inter

181 4062 269 4142 ‚,iilae
296 4065 465 4150 complures
502 4065 541 4128 ed
569 4065 736 4128 sanandum
764 4063 935 4128 Moeridem
972 4079 1108 4130 nostrum
1136 4066 1275 4150 adprime

180 4169 375 4250 „iacientca‘i
1272 4167 1275 4174 '

253 4289 408 4360 Praeterea
427 4291 500 4356 lruin
520 4267 663 4356 tn'aicuio
685 4289 783 4354 inerat
810 4289 982 4376 Schleegeri
1000 4255 1277 4376 Conspectu-edi-
