2844 4946
1076 305 1185 384 xev'n

112 465 256 550 polliceor,
278 469 349 551 qui,
371 482 408 531 ut
427 469 525 532 indies
546 471 641 554 magis
661 472 815 556 magisque
836 471 1016 538 nobilissimi
1037 483 1185 548 sermonis

111 572 217 634 diuitiae
238 587 395 656 eruantur,
437 576 549 638 babent
568 577 601 638 in
622 577 739 660 optatis.
783 575 923 642 indicatis
952 583 1059 662 etiam,
1100 589 1185 668 quod

110 697 187 761 supro
203 679 262 740 iam
283 681 420 762 promisi,
442 695 597 744 sumerum
617 680 704 754 locis,
722 701 800 766 quae
821 697 923 747 noster
943 697 1079 766 testetur,
1100 689 1184 754 baud

108 783 203 845 intacta
220 784 388 867 relinquam
415 787 597 868 antiquitatis
625 802 776 850 momente
803 789 848 850 in·
863 789 924 851 boc
952 809 1183 858 commemorate

110 887 257 969 opusculo:
286 911 416 971 quorum
439 889 514 970 alia,
535 905 567 952 et
587 891 709 972 quidem
731 895 864 973 notiora,
886 895 928 956 ita
946 895 1126 979 explicabo,
1148 914 1184 962 ut

108 991 140 1052 sd
158 994 310 1077 scriptores
330 995 499 1072 remittam,
522 995 574 1076 qui
597 1017 635 1058 ex
655 999 793 1059 ins'titutc
815 999 852 1060 de
873 999 912 1062 iis
934 1013 1005 1062 sunt
1025 1021 1184 1064 commen-

108 1097 166 1176 trti3
186 1097 240 1160 alia
257 1119 346 1177 vero,
371 1121 427 1161 nec
448 1100 617 1180 frequenter
636 1101 742 1175 obvia,
761 1101 863 1185 paullo
883 1101 1012 1186 pleniori
1037 1127 1185 1188 exsequar

108 1200 174 1264 stilo.
213 1205 298 1266 Huic
326 1225 411 1264 meae
441 1203 558 1288 opellae
587 1208 650 1268 suis
677 1205 753 1268 locis
782 1209 1011 1290 praemittentur
1039 1209 1182 1274 Hudscni
1273 1219 1283 1228 “

108 1304 277 1389 aliorumque
300 1307 429 1370 labores.
471 1309 610 1371 Latinam
637 1311 830 1388 versionem,
861 1313 978 1374 etiamsi
999 1314 1065 1396 ipsu
1086 1313 1183 1378 libelli

109 1413 265 1474 cousfitutic
286 1435 350 1475 non
370 1426 542 1495 respueret,
563 1411 677 1474 nollem
697 1427 797 1484 temen
820 1414 1000 1498 adiungere,
1023 1417 1182 1481 deterritus

108 1525 133 1574 et
146 1517 184 1576 rei
199 1516 390 1595 difficultate,
413 1529 443 1576 et
465 1517 543 1578 tristi
562 1517 632 1580 Nic.
649 1517 807 1578 Blencardi
830 1517 987 1602 exemplo,
1009 1522 1079 1600 qni,
1101 1523 1184 1604 quod

106 1617 358 1702 Harpocratione'm
371 1621 479 1682 Latine
494 1619 534 1682 de
550 1621 673 1684 Graecis
687 1622 867 1704 reddiderat,
888 1624 1005 1700 misere,
1028 1638 1058 1686 at
1073 1626 1184 1686 imme-

106 1721 163 1802 rito,
182 1725 242 1786 lac.
256 1725 415 1790 Gronovio
430 1723 600 1807 vapulavit.
645 1725 733 1790 conf.
759 1729 850 1788 Joon.
867 1727 942 1788 Alb.
959 1728 1106 1788 Fabricii
1120 1729 1183 1789 Bi·
1242 1741 1248 1750 ’

107 1827 196 1888 bliotl.
210 1832 267 1894 Gr.
293 1829 363 1892 Vol.
379 1827 434 1892 lv.
456 1851 489 1912 p.
505 1827 580 1893 585.
597 1851 642 1912 sq.
688 1831 825 1914 Tempus
839 1832 973 1894 versioni
988 1829 1182 1894 tribuendum

105 1928 238 1996 libentiori
253 1937 357 1996 animo
379 1935 530 1995 insumam
552 1935 584 1995 in
608 1935 846 1998 dissertationem
866 1934 1125 2019 praeliminarem,
1147 1939 1180 1998 in

105 2039 207 2116 quade
230 2041 325 2102 buius
346 2036 482 2122 glossarii
510 2039 667 2117 instituto,
708 2039 776 2114 latis
805 2039 1019 2120 codicibusque
1050 2041 1177 2104 dicetur.
1224 2065 1227 2082 ·

104 2139 205 2225 Agmen
238 2143 381 2206 claudent
401 2163 513 2218 vocum
538 2156 752 2224 auctorumque
787 2143 905 2204 indices
929 2145 1107 2206 necessarii:
1145 2157 1181 2208 ut

106 2246 166 2308 edeo
184 2250 214 2309 in
235 2249 298 2310 bac
310 2249 417 2310 iterate
433 2245 563 2306 editione
582 2245 661 2306 nihil
676 2247 762 2306 iecile
782 2247 939 2326 quiequam
954 2245 1179 2326 desideraverit,

106 2353 172 2432 qood
199 2353 420 2414 Hudscnianee
451 2363 496 2410 est
523 2363 709 2414 ornamento.
759 2349 871 2410 Omnia
899 2349 1024 2410 aderunt
1054 2365 1181 2435 excepta

107 2455 202 2540 Georg.
218 2459 363 2520 Martini
376 2455 501 2516 dissert.
519 2449 559 2514 cle
574 2457 674 2516 veteri
696 2465 727 2514 et
747 2473 824 2512 vera
841 2454 1038 2515 Graecarum
1052 2457 1180 2516 littera-

103 2581 160 2619 rum
168 2563 442 2642 pronunciatione,
465 2579 555 2640 quem
582 2557 670 2620 molis
693 2570 809 2618 tantum
832 2557 985 2642 augendae
1007 2560 1101 2644 gratia
1124 2581 1179 2622 co-

103 2665 190 2726 mitem
201 2663 338 2728 Moeridi
351 2663 540 2754 Hudeonum
556 2661 731 2728 adiunxisse
752 2661 903 2724 existimo.

172 2855 230 2915 His
247 2853 343 2937 igitur
358 2853 485 2934 stipatus
499 2849 673 2934 praesidiis,
696 2851 753 2914 bec
775 2863 875 2912 mente
893 2864 982 2934 atque
996 2849 1130 2934 ingenii,
1153 2851 1180 2912 ei

103 2959 192 3036 quain
208 2980 257 3019 me
276 2969 337 3033 est,
359 2955 500 3018 felicitate
515 2956 569 3016 otii
588 2969 704 3038 partem
719 2955 870 3037 quandem
890 2954 1022 3016 Moeridi
1036 2954 1179 3016 hactenus
1231 2966 1233 2972 ’

101 3063 185 3124 tribui.
225 3063 295 3127 Nec
311 3061 483 3142 quicquam,-
504 3060 652 3142 optimum
668 3081 781 3120 numan
797 3060 825 3122 si
839 3059 934 3148 vitam
947 3060 1088 3138 viresque
1104 3079 1180 3120 cone
1242 3083 1245 3090 ·

101 3168 222 3243 merit,
243 3167 303 3226 erit
316 3165 349 3226 in
367 3185 467 3244 mora,
490 3165 651 3244 quominus
666 3163 728 3225 boc
742 3165 828 3246 ipso,
850 3185 941 3244 quem
960 3183 1056 3244 nuper
1072 3159 1179 3225 edmo-

38 3283 39 3356 ἐ
100 3267 162 3332 dum
175 3270 321 3354 auspicati
334 3291 450 3343 eumue,
471 3289 550 3329 anno
577 3289 653 3352 opus
669 3269 844 3330 subiiciatur
865 3265 970 3350 prelo;
992 3264 1083 3328 modo
1108 3287 1176 3326 mu-

38 3371 39 3440 l
99 3375 267 3436 nificeutiam
292 3393 397 3436 eorum
419 3373 507 3434 fuero
530 3385 691 3455 expertus,
720 3373 829 3453 quibus
856 3371 940 3433 cordi
963 3383 1009 3432 est
1030 3391 1178 3452 curaeque
1224 3361 1227 3366 ¹

98 3477 197 3542 Graeca
212 3479 389 3542 litteratura.
420 3477 519 3558 siqui
533 3478 627 3562 igitur
641 3489 723 3553 snut,
745 3476 798 3556 qui
816 3475 928 3540 codicis
943 3495 962 3534 e
977 3495 1027 3535 me
1041 3475 1179 3538 nondum

97 3583 212 3665 inspecti
228 3583 329 3646 varias
344 3581 488 3643 lectiones
512 3581 545 3642 in
564 3581 682 3642 scriniis
706 3592 845 3654 servant,
863 3592 914 3640 eut
936 3577 997 3640 viti
1021 3580 1178 3640 cuiusdam

97 3685 168 3750 docti
188 3671 343 3771 possident
364 3685 592 3764 annotationes,
615 3697 669 3745 aut
692 3683 822 3764 denique
843 3683 903 3766 ipsi
926 3695 1078 3744 auctorem
1095 3683 1178 3744 bunc

96 3793 150 3852 suis
163 3794 244 3855 curis
260 3789 465 3874 explicarunt:
485 3811 536 3852 eos
549 3787 672 3872 publice
695 3789 946 3868 observanterque
960 3799 1081 3870 rogatos
1103 3783 1177 3850 volo
1291 3859 1295 3866 ¹

96 3911 256 3978 cratesque,
277 3910 312 3958 ut
325 3893 535 3968 communibus
560 3893 668 3955 studiis
690 3891 813 3954 foveant
835 3912 911 3974 opus
928 3891 960 3952 iu
987 3911 1178 3954 communem

96 4018 174 4062 mum
189 3999 341 4062 edendum
357 4019 519 4079 earumque
533 4019 633 4060 rerum
648 3995 740 4073 mibi,
761 3993 814 4058 vel
830 3995 930 4078 potius
956 3995 1021 4058 orbi
1035 3993 1176 4072 littersto,

97 4105 201 4186 copiam
217 4103 378 4166 liberaliter
398 4103 528 4175 sedant,
549 4101 687 4183 quas'ad
710 4101 775 4163 eius
799 4114 936 4162 ornatum
957 4097 1178 4180 utilitatemque

38 4229 40 4240 ·
97 4208 325 4291 amplificandum
340 4221 425 4292 aptes
439 4207 625 4269 iudicabunt.
669 4203 823 4288 Quicquid
837 4205 876 4266 ad
891 4207 928 4266 Β.
945 4201 1064 4266 Tbecd.
1086 4201 1177 4264 Chri-

38 4335 40 4364 :
95 4314 181 4396 stopb.
195 4312 347 4399 Felgineri
362 4311 488 4376 viduam
505 4311 740 4390 manumittetur,
757 4309 791 4372 id
802 4323 837 4371 ut
854 4309 893 4371 ad
907 4329 956 4370 me
970 4318 1051 4368 recte
1061 4327 1178 4390 perve-
