2844 4946
1107 343 1212 398 xum

108 491 142 551 in
164 487 302 560 litteus,
330 489 509 572 cumprimis
521 488 736 568 humaniores,
773 491 878 554 merite
899 491 1022 553 minime
1042 491 1132 554 multi
1159 515 1210 556 rs-

107 607 301 676 sequnntur,
337 605 462 678 superet
490 615 596 674 nemo,
635 617 801 680 perprucos
829 593 994 658 admodum
1022 595 1211 682 singidonum

107 699 276 782 στοιχείων
296 719 406 762 versus
426 701 601 782 speciminis
621 699 691 763 loco
712 697 889 784 protulisse3
916 715 951 763 ut
970 721 1033 764 nou
1062 701 1209 780 dubitem,

69 879 78 903 ι
106 803 176 865 fore
198 803 392 888 complures,
422 805 476 885 qui
498 825 617 866 mecum
639 807 805 888 optabunt,
833 817 869 866 ut
893 805 952 888 ipsi
972 804 1136 889 placuisset
1156 807 1209 866 in-

108 909 231 982 dicere,
258 911 292 969 in
323 921 469 990 quantum
498 905 661 972 lectionum
690 909 877 974 dissemioue
905 909 1102 972 ePriceesno
1131 929 1209 994 epo·
1238 937 1241 944 ’

108 1012 229 1096 grapho
261 1012 411 1096 discrepet
439 1011 668 1076 Coisiinienutn.
714 1013 809 1078 Cuius
836 1029 936 1077 temen
963 1013 1031 1076 voti
1060 1033 1129 1076 nos=
1142 1012 1209 1074 iore

108 1116 292 1198 propediem
313 1130 486 1200 compotes,
514 1139 584 1201 spes
605 1116 729 1202 effulget
751 1121 926 1184 certissime.
968 1117 1097 1177 Novam
1118 1117 1210 1178 etiem

109 1219 387 1282 Bibliotdscurum
408 1221 644 1283 Bibliotheeum
662 1222 807 1286 indefessi
831 1223 943 1287 laboris
971 1243 1006 1284 sc
1026 1241 1122 1303 poene
1153 1219 1210 1282 ed-

109 1327 279 1384 emrntium
300 1343 404 1387 senem
424 1345 546 1410 perere,
576 1325 717 1387 noveilee
746 1347 842 1410 nuper
863 1329 1058 1402 nuntiarunt,
1087 1325 1121 1384 in
1150 1345 1210 1404 qus

108 1427 287 1489 habebimus
314 1428 415 1490 forsan
446 1443 476 1490 ct
503 1429 593 1512 Regii
623 1444 655 1492 et
676 1429 853 1492 Coisiinieni
882 1445 970 1514 etque
996 1427 1209 1492 Parisieneinn

108 1529 297 1612 reliquorum
318 1531 409 1594 MSS.
440 1529 607 1596 lectionum
628 1536 798 1598 varietates.
1106 1537 1107 1544 '

78 1678 81 1682 ’
196 1687 292 1748 Porro
312 1687 548 1766 heud‘nescius‚
572 1687 686 1750 Claud.
710 1691 904 1752 &tmuium
931 1689 966 1750 iu
986 1688 1128 1770 operibus
1147 1685 1211 1749 suis

106 1789 279 1852 Moeridem
296 1793 410 1876 passim
427 1791 551 1852 laudere
567 1806 656 1874 etque
672 1793 822 1856 illustrare
836 1793 1002 1870 laudatum,
1020 1790 1125 1858 evolvi
1145 1792 1210 1851 eius

107 1893 284 1956 Pliniauos
303 1895 562 1969 exercitationes,
592 1905 629 1958 tn
653 1881 888 1959 Tertullianim
919 1897 959 1958 de
983 1897 1085 1978 pallio
1109 1905 1210 1970 notos,

111 1997 282 2060 Commeat.
305 1999 345 2059 de
366 2001 482 2081 lingua
504 1999 724 2074 Hellenisticn,
746 2001 787 2061 de
809 2003 878 2062 iure
893 2004 1003 2066 Attico
1024 2011 1081 2060 etc.
1102 1999 1211 2078 quue

110 2123 159 2162 me
182 2103 285 2164 minus
305 2105 450 2186 temporis
469 2104 503 2162 iu
524 2101 634 2164 horum
657 2125 784 2187 operum
805 2103 966 2166 lectionem
986 2104 1112 2165 insumti
1132 2123 1211 2184 poe-

110 2209 206 2284 nitet,
229 2205 311 2288 quod
333 2203 490 2290 complure
511 2205 587 2266 mihi
609 2207 856 2290 suppeditarunt,
888 2227 1017 2288 quorum
1040 2227 1099 2288 ope
1120 2218 1210 2284 etque

110 2309 224 2373 auxilio
247 2325 351 2373 noster
368 2309 513 2394 pristinae
527 2312 638 2393 purtim
655 2313 772 2373 sanitati
787 2311 965 2390 restituitur,
986 2309 1107 2394 purtim,
1127 2307 1211 2388 quod

110 2415 197 2478 deest
219 2415 322 2495 edito,
343 2429 445 2500 potest
466 2413 610 2500 suppleri.

197 2573 245 2634 lte
275 2592 397 2654 quoque
424 2571 486 2634 edii
506 2569 661 2634 Illustriss.
687 2569 800 2630 Erech
820 2569 1006 2651 Spunhemie'
1025 2567 1212 2650 aliorumque

106 2675 243 2754 tibdlce,
264 2677 298 2737 in
320 2679 431 2758 quibus
452 2675 621 2738 Atticistam
642 2687 780 2736 nostrum
810 2675 934 2736 excitem
954 2675 1082 2738 subinde
1102 2686 1211 2736 testem

107 2801 268 2844 noveram.
310 2781 397 2844 Prior
418 2781 525 2842 hebuit
553 2777 726 2862 exemplum
755 2777 793 2838 ed
822 2779 933 2841 codicis
962 2778 1210 2840 vindobonensis

108 2885 203 2948 fidem
225 2904 424 2969 expressum,
447 2885 533 2946 cuius
554 2885 648 2946 verbe
666 2903 727 2944 non
748 2882 953 2964 infrequenter
975 2884 1078 2946 renitet
1098 2882 1131 2940 in
1153 2899 1211 2940 no-

109 2996 165 3068 te's,
186 2990 279 3052 cedro
301 2971 496 3074 dignissimis,
518 2989 564 3049 ud
584 2983 809 3068 Aristophanis
831 2985 1007 3049 comoediae
1037 2998 1101 3046 tres
1119 2979 1213 3066 prio'e

109 3117 171 3160 res.
213 3095 252 3156 In
272 3094 321 3156 his
342 3115 428 3172 vero,
449 3107 566 3177 praeter
591 3091 696 3154 carot.
718 3089 992 3171 Dic-Cungium,
1014 3089 1084 3150 Iac.
1115 3087 1193 3148 Usss
1203 3109 1220 3184 1¹

111 3203 209 3280 rium,
231 3197 346 3280 Aegeu.
366 3199 571 3280 Mesogiten,
589 3197 691 3256 Herse.
719 3191 901 3270 Valerium,
923 3207 958 3254 ut
979 3191 1070 3254 lende
1089 3203 1212 3253 ornetur

111 3305 227 3364 meruit
253 3301 359 3384 Steph.
382 3303 412 3361 le
432 3301 557 3366 Moeno.
598 3299 790 3380 Quemquam
818 3297 899 3390 enim
931 3317 993 3358 non
1023 3297 1083 3357 nisi
1107 3293 1211 3372 semel,

112 3429 173 3494 ego
193 3420 341 3490 quintum
364 3408 449 3484 novi,
479 3404 626 3468 Moeridis
648 3423 722 3465 usus
741 3401 781 3465 sit
802 3421 894 3484 opere
913 3401 947 3462 iu
969 3401 1214 3462 variosuarios

112 3535 219 3576 ensem
242 3526 343 3574 nmen
365 3512 503 3596 praebuit
521 3509 631 3593 integri
652 3527 760 3568 versus
781 3504 978 3582 restituendi,
1009 3503 1061 3586 qui
1089 3503 1122 3564 in
1151 3499 1227 3568 im·.

111 3638 222 3702 presso
242 3615 435 3678 desideretur.
478 3617 639 3694 Denique,
668 3611 810 3692 quonium
840 3611 906 3693 ipse
927 3607 1075 3672 vocubule
1095 3628 1113 3667 s
1133 3603 1214 3668 lexi-

111 3743 222 3785 cornm
242 3707 487 3804 compilatoribus
506 3721 571 3810 peti
600 3717 712 3780 debent
740 3735 780 3776 ex
800 3714 888 3778 istius
916 3712 1036 3796 linguae
1058 3709 1214 3793 scriptori·
1280 3703 1284 3711 “

111 3830 193 3904 bns,
216 3847 308 3906 quem
325 3827 451 3908 copiunt
473 3819 674 3906 eipiicetem:
709 3839 800 3880 menn
821 3839 882 3883 non
901 3817 1070 3901 indiligenti
1092 3815 1215 3876 Aristo·

112 3931 259 4015 pirenem,
281 3927 448 4006 Plutonem,
470 3922 696 4008 Thucydidem,
711 3922 959 4006 Xenophontem,
976 3917 1215 3983 Demosthenem

114 4033 253 4114 aliosque
272 4031 403 4120 legendo
425 4034 576 4109 contrivi,
620 4031 673 4112 qui
703 4027 834 4089 Atticum
862 4027 1008 4090 sermonis
1035 4023 1216 4108 elegantium

116 4139 237 4220 scriptis
259 4139 296 4198 ed
317 4153 456 4221 posteros
475 4137 720 4210 nnnemiserunt3
751 4133 874 4193 minime
896 4145 995 4216 spreta
1014 4129 1216 4190 vetustiorum

116 4243 402 4327 lexicographorum
425 4243 557 4305 cohorte.
601 4239 645 4302 Hi
668 4259 773 4302 omncs
795 4259 885 4318 quem
907 4239 1072 4298 maximum
1095 4227 1216 4292 emolu·

120 4361 257 4410 mentum
287 4347 413 4410 attulere
451 4346 600 4426 Moeridi,
640 4358 669 4407 et
699 4343 835 4407 comtiori
868 4341 1068 4423 ornatiorique
1101 4335 1217 4414 hebitu,
