2844 4946
1107 319 1184 370 m

92 463 152 523 qne
173 441 330 525 inspectos
352 461 420 504 esse
439 439 530 506 eride
552 441 734 506 dolendum:
756 465 827 508 nem
846 443 900 512 vel
918 445 953 508 in
971 445 1021 510 hie
1037 445 1184 514 iectionm

93 557 198 608 erutae
220 548 341 630 egregie
362 549 575 631 comprobent,
594 546 740 612 Codicum
760 549 906 616 Moeridis
925 553 1071 635 perseidis
1090 577 1108 616 r
1128 575 1186 618 ne-

96 653 183 712 mine
215 649 292 712 rium
319 673 372 726 er,
403 673 464 734 qur
492 651 672 733 debuerant,
700 653 852 740 diligentis
884 655 917 720 in
945 657 1091 722 suxilinm
1119 679 1186 720 esse

92 769 214 818 vocate.
260 756 367 836 ltaque
388 769 559 840 pergratum
587 759 661 820 mihi
682 759 758 838 fnit,
791 781 884 841 quum
904 757 1100 824 Collrtionem
1121 762 1185 824 Go-

92 861 169 921 dicis
198 860 344 922 Voseieni
380 863 598 924 eccurrtissime
633 885 651 923 r
682 865 795 926 Ioanne
825 861 1040 950 Christophoro
1067 865 1185 934 Wolfio

90 966 265 1026 iustitutrm
283 965 317 1024 in
338 963 525 1028 Bibliotheca
550 965 657 1030 incluti
684 968 812 1032 Seuerus
840 971 927 1054 Rsip.
947 971 1185 1056 Hrmburgenris

93 1069 246 1132 asservari
268 1069 387 1131 sufibus
409 1070 484 1132 meir
514 1071 667 1133 eccideret.
712 1068 861 1136 Continuo
880 1095 936 1158 per
956 1074 1056 1138 literne
1077 1077 1184 1161 rogeri

91 1175 201 1235 Virum
224 1164 350 1234 Summe
370 1173 594 1252 Reverendum,
615 1176 668 1262 qui
687 1175 816 1240 illustris
835 1179 959 1240 iornnei
979 1179 1073 1243 insces
1088 1193 1183 1259 tenet,

92 1280 127 1338 Β.
147 1277 185 1339 G.
206 1270 381 1356 Kr'sitinm,
417 1291 452 1340 nt
479 1281 545 1361 ipso
573 1279 777 1342 intercedente
809 1281 893 1344 iliius
914 1281 1184 1350 Coiietionieusur

93 1383 169 1442 mihi
188 1381 416 1453 concederetur.
457 1383 521 1446 Nec
545 1383 664 1445 frustra.
706 1385 845 1448 Krritiue
867 1406 922 1470 pro
944 1389 1055 1448 eximie
1076 1409 1130 1450 sue
1150 1391 1184 1452 in

94 1489 188 1548 honre
209 1499 290 1548 artes
311 1508 473 1567 serumque
503 1488 654 1550 studiosos
679 1487 836 1550 voluntate
864 1501 981 1572 prseter
1007 1489 1066 1552 elis
1093 1491 1187 1554 multe

94 1611 175 1651 nunc
197 1589 260 1652 hoc
281 1612 330 1652 ms
359 1591 478 1652 ornavit
507 1593 670 1670 beneficio,
696 1605 733 1654 ut
761 1591 979 1676 discrepantem
1009 1594 1187 1679 Apogrephi

94 1693 275 1767 lectionem,
314 1716 391 1774 qure
421 1695 586 1778 exempleri
622 1695 762 1758 editionis
791 1697 1007 1760 Hudsonirnre
1035 1700 1186 1783 edscripte
1276 1697 1278 1712 '

95 1797 167 1876 erit,
190 1798 421 1883 diligentissime
441 1813 590 1860 enotrtsm
611 1799 824 1863 humanissime
840 1799 879 1866 ed
899 1821 947 1863 tue
962 1805 1185 1866 trrnsmitteret.

96 1903 240 1966 Codicem
261 1901 392 1964 eundem
415 1923 481 1965 esse
503 1925 575 1967 mox
595 1905 754 1988 perspexi,
788 1925 827 1967 ex
848 1926 909 1986 quo
927 1908 1024 1968 verine
1037 1907 1187 1971 'lectiones

96 2031 161 2070 cum
183 2007 329 2070 Piersono
351 2009 623 2071 communicaverat
643 2009 808 2092 Albertiue·
848 2009 930 2074 Vide
955 2009 1038 2074 iilius
1059 2009 1185 2073 Pseeiet.

95 2135 123 2195 p.
144 2113 204 2177 IX.
230 2126 308 2175 extr.
360 2113 442 2174 Hoc'
459 2127 560 2174 mrtem
585 2135 710 2176 munere
737 2133 832 2194 quum
860 2114 965 2176 maiori
991 2135 1062 2174 cum
1096 2114 1187 2178 leude

97 2218 219 2278 iunctus
242 2195 309 2278 esee
329 2217 405 2276 mihi
423 2218 577 2280 videretur
595 2209 795 2298 wolfiusr),
816 2215 871 2280 vei
891 2218 1089 2278 minutissime
1110 2220 1187 2282 inire

95 2323 192 2403 posui,
205 2341 246 2382 ne
262 2321 429 2402 ecquidem
447 2323 594 2400 reficiens,
614 2343 691 2403 qnae
706 2321 801 2382 obiter
816 2323 853 2381 eb
871 2341 906 2382 eo
923 2320 1063 2402 adspersa
1078 2335 1187 2384 essent.

94 2425 219 2510 inipso
240 2423 382 2487 editionis
403 2425 545 2490 Hudeoni
564 2424 654 2487 titulo
673 2425 747 2486 haec
768 2423 882 2485 adiecta
900 2421 1059 2508 leguntur:
1082 2425 1188 2506 „Con-

94 2528 149 2591 tuli
178 2550 252 2590 cum
283 2527 491 2594 Montiaucon.
513 2531 546 2592 iu
567 2527 711 2592 Biblioth.
740 2525 922 2590 Coisliniaun
950 2540 981 2589 et
1011 2549 1080 2594 oum
1100 2531 1189 2613 Apo-

92 2633 210 2717 grepho
239 2634 423 2715 recentiore,
471 2634 552 2715 quod
581 2646 662 2696 extet
687 2635 767 2695 inter
794 2631 886 2694 MSS.
914 2631 1054 2697 Vossinn.
1080 2633 1113 2694 in
1133 2633 1189 2694 Bi·

92 2737 204 2800 blioth.
225 2735 387 2800 Leidensi.
416 2737 603 2808 Vossianum
620 2758 682 2800 non
703 2738 853 2822 integrum
877 2733 1001 2816 contuli,
1022 2737 1092 2820 quir
1112 2737 1187 2816 vidi,

93 2839 171 2902 illuri
202 2837 382 2924 pierumque
413 2827 574 2904 convenire
610 2865 678 2904 oum
709 2841 766 2902 linc
797 2837 981 2926 (Hudsoni)
1020 2843 1187 2905 editione.“

93 2943 235 3008 Contulit
258 2957 358 3006 eutem
378 2945 533 3038 adusque
553 2943 669 3008 literam
695 2951 745 3010 M.

139 3049 145 3060 '
181 3047 344 3134 Singulrrs
371 3049 517 3114 vitiorum
542 3069 639 3136 genue
665 3049 796 3112 Moeridi
825 3046 943 3110 illerum
973 3067 1038 3109 cese
1069 3045 1190 3110 vitietur

95 3166 220 3238 propter
240 3153 392 3216 scribendi
413 3155 558 3236 quaedem
581 3155 758 3240 compendia
776 3171 862 3218 secus
888 3147 1049 3215 intellecto.
1090 3151 1190 3213 Nimi-

95 3279 175 3338 rum,
199 3257 282 3340 quoti
297 3255 423 3344 singuiis
444 3257 508 3322 fere
522 3257 654 3322 erticulis
670 3258 805 3320 rdditum
820 3246 1025 3338 cstiinuoic,
1045 3254 1078 3315 in
1094 3252 1190 3318 codd.

95 3433 210 3513 ubique
237 3443 391 3494 πεπτω
412 3433 585 3498 invenimus
606 3411 656 3508 α’,
677 3410 730 3492 ri'
751 3441 781 3492 et
801 3373 881 3506 atr,
917 3447 996 3509 quse
1032 3447 1126 3508 quum
1160 3441 1191 3494 et

93 3530 226 3596 §tursol
244 3549 275 3597 et
291 3525 433 3610 Ἀττικῶς
453 3539 620 3623 eigniiicrre
635 3517 763 3619 possint,
784 3533 852 3596 loco
875 3531 983 3614 cuique
1003 3530 1189 3614 eptieeimum

96 3661 134 3702 ex
156 3639 235 3700 serie
257 3639 397 3704 cretionis
419 3644 476 3705 erit
501 3640 738 3704 restituendum:
771 3659 831 3720 quo
859 3635 898 3700 tie
927 3635 1006 3716 dixit
1031 3633 1189 3715 aliquoties

96 3745 218 3808 Bestius
240 3745 279 3808 nd
300 3743 483 3831 Gregorinm
506 3746 702 3822 Corinthum,
730 3739 1130 3826 persecutorem.
1160 3751 1190 3798 et

96 3846 236 3932 inprimis
255 3871 287 3935 p.
298 3852 370 3915 ¹84.
390 3843 635 3932 Itsqne’Amsol
649 3861 831 3931 reponentur
848 3857 964 3929 oportet
978 3865 1033 3928 pro
1048 3835 1191 3912 Ἀττικῶς

98 3957 255 4036 Fufi-V·
279 3942 468 4046 witinow-
486 3961 644 4042 p·³37ov·
667 3949 794 4038 Τεῦχος.
811 3955 925 4034 pote.
934 3969 966 4012 v.
987 3933 1192 4029 Χρήματα,ἱά

131 4142 165 4210 ⁸)
191 4142 313 4196 Auctoris
336 4159 433 4198 nomen
456 4142 551 4196 unam
575 4137 684 4210 quidem
715 4155 730 4188 e
756 4133 798 4188 mi
823 4137 990 4208 quaesitum,
1023 4129 1070 4186 sed
1097 4125 1195 4186 woffii

169 4245 276 4280 menum
299 4247 314 4278 e
330 4228 464 4280 literarum
482 4225 605 4280 ductibus
625 4243 654 4278 se
672 4225 808 4294 agnovisse
831 4221 986 4277 essererttrit
1012 4215 1078 4270 mitri
1094 4211 1196 4272 Clitis·

169 4314 251 4368 dnus
269 4315 306 4369 ΙΙ.
324 4313 367 4366 Μ.
385 4313 549 4379 Βιιιιὶοῑῖιι,
576 4311 787 4383 [lemburgensis.
