2844 4946
1086 296 1195 350 LXXV

90 421 273 486 cenbachine
302 446 334 507 p.
360 429 414 490 87.
444 425 568 488 retinnit
604 413 779 511 στενότερα.
824 427 1062 492 Tarannon.
1113 429 1194 492 Add.

88 527 249 590 Setneter.
271 527 310 590 ad
330 531 452 596 Pindar.
476 553 509 613 p.
530 532 569 594 V.
592 532 640 596 ed.
665 533 844 596 Tauchnitz.

180 632 283 695 lbid.
323 623 530 697 Ἀπολλύοσνν
551 649 609 704 etc.
649 636 748 700 Ambo
779 637 904 700 Codices
928 638 1023 700 nostri
1053 635 1197 700 exhibent

89 725 273 796 ἀπόλλυσιν
301 737 380 798 maie
410 759 466 821 pro
497 727 719 802 ἀπολλύουσιν.
762 741 926 823 Phrynichi
955 739 1069 824 Appen.
1099 739 1195 824 Scph.

90 863 121 921 p.
147 844 183 917 8,
208 847 262 904 12.
281 832 496 916 Ἀπολλύασα,
517 827 620 924 druso
642 831 802 906 δεικνύασι
821 841 874 906 ναὶ
893 835 1053 923 ἀμνύοσιν,
1078 833 1195 906 Ἀττι-

91 941 153 1015 κῶς
174 937 249 1005 ἀντὶ
271 932 423 1023 ὀμνύουσι
438 943 490 1006 ναὶ
509 941 685 1009 δεικνύουσι
700 945 751 1009 καὶ
766 937 991 1014 ἀπολλύουσιν.
1015 948 1065 1010 Οἱ.
1083 947 1193 1012 March.

93 1047 147 1110 Gr.
172 1047 228 1110 Gr.
248 1071 281 1131 p.
295 1055 369 1111 266.
391 1047 453 1112 Cur
469 1073 544 1114 vero
567 1051 694 1116 formam
715 1044 928 1114 ἀπολλύουσιν
948 1051 1029 1136 apud
1049 1052 1194 1135 Xenoph.

93 1153 131 1211 de
155 1153 238 1234 Rep.
264 1152 376 1216 Athen.
406 1154 532 1218 librariis
554 1157 765 1240 imputandum
794 1177 859 1218 esec
887 1159 1054 1240 auspicetur
1072 1157 1194 1219 Pierso-

95 1277 178 1334 nus,
211 1259 378 1339 nescimus,
416 1281 485 1322 cum
514 1259 568 1322 ille
590 1262 716 1343 scriptor
737 1279 836 1340 neque
863 1259 1024 1324 admodum
1046 1281 1194 1344 magnam,

95 1379 200 1420 coram
236 1360 464 1437 Grammaticis,
489 1365 695 1426 auctoritatem
725 1365 851 1442 habeat,
882 1377 912 1424 et
937 1365 1194 1444 frequentissimae

95 1464 182 1546 apud
204 1487 275 1526 enm
296 1467 356 1528 sint
375 1467 491 1530 immae
511 1457 801 1543 ἀναπεταννύουσι,
830 1458 1092 1549 συμμιγνύουσα,
1113 1461 1197 1535 ἀποὲ

95 1556 300 1630 δεικνύουσιν
320 1569 358 1635 al.
382 1571 483 1634 Anah.
506 1572 623 1650 v11.1,
648 1581 701 1641 17.
723 1569 844 1638 Ηολίιο.
866 1571 920 1636 vl.
943 1575 976 1645 5,
991 1577 1046 1640 22.
1067 1571 1196 1638 Memor.

95 1673 151 1737 111.
178 1675 232 1750 14,
255 1675 286 1737 5.
311 1675 336 1737 1.
359 1681 390 1754 6,
415 1683 448 1744 3.
477 1690 535 1742 etc.
579 1678 816 1740 Τυοοουιιοιιι.

186 1775 292 1844 laid.
330 1769 551 1857 ³Avc12mpe'eov
573 1795 629 1842 etc.
652 1784 692 1842 Et
707 1779 801 1843 Coiel.
824 1777 942 1861 ctch.
965 1769 1197 1858 habenc'Am-

97 1877 237 1960 λωμένα,
253 1874 343 1942 'Arm
364 1875 556 1966 ἀναλωμένα,
573 1878 657 1948 Ἔλλ.
679 1885 784 1968 ipsius
805 1884 956 1967 praecepti
978 1883 1099 1944 nominc
1121 1879 1198 1944 nihil

96 1989 247 2048 interesse
269 2001 361 2068 patet.
391 1989 440 2075 De
463 2010 499 2050 eo
528 1989 566 2052 ci.
590 1989 736 2052 Matthiae
766 1989 821 2058 Gr.
844 1987 896 2051 Gr.
927 1985 950 2066 §-
973 1991 1043 2049 166.
1073 1999 1139 2051 not.
1161 1991 1197 2049 20

99 2105 130 2151 et
152 2093 227 2154 VV-
248 2092 323 2156 DD.
346 2093 391 2152 ibi
413 2093 528 2155 citatos.
550 2093 612 2154 Sed
635 2115 703 2156 cam
724 2091 862 2154 Moeride
881 2090 1003 2166 iaciunt,
1024 2090 1200 2172 inscriptio·

99 2217 173 2256 num
194 2189 257 2256 dide
276 2195 425 2273 adhibita,
463 2195 626 2260 Elmeleiua
656 2211 686 2258 et
710 2197 904 2258 Hermannue
933 2194 975 2253 ad·
991 2195 1085 2276 Soph.
1111 2195 1198 2258 Aiace

99 2321 135 2364 v.
146 2305 247 2364 1028.
270 2297 405 2362 conferri
425 2315 525 2384 potest
544 2301 651 2384 Poppo
669 2300 808 2384 Prolegg.
824 2301 862 2358 in
886 2295 1026 2376 Thucyd.
1042 2298 1067 2360 1.
1082 2319 1112 2378 p.
1122 2301 1197 2357 226.

98 2397 285 2484 ἀνηλωμένα
305 2403 449 2486 Xenoph.
470 2403 591 2468 Hellen.
610 2405 651 2474 11.
674 2412 703 2480 1,
728 2411 778 2466 11.
806 2404 1042 2464 Tuaen-nonar.
1087 2399 1198 2462 Goett-

99 2507 216 2592 lingiue
238 2508 278 2570 ad
299 2509 454 2572 Theodoe.
479 2510 614 2580 Gramm.
641 2533 676 2593 p.
698 2515 772 2572 221.
813 2509 1007 2590 „Nunquam
1024 2505 1139 2585 inquit,
1169 2505 1197 2568 ai

100 2627 180 2674 recte
214 2613 391 2691 observavi,
433 2615 466 2674 in
496 2617 628 2698 perfecto
657 2615 748 2676 huius
777 2613 865 2674 verbi
889 2623 1082 2694 augmentum
1104 2609 1213 2672 Attici'

100 2717 315 2777 adhibuerunt.
339 2715 542 2801 Corrigendus
563 2733 609 2781 eet
629 2719 776 2782 Moerie.“
798 2717 837 2778 V.
852 2715 990 2776 Bremiue
1012 2735 1060 2797 ap,
1083 2713 1199 2774 Sohae-

100 2823 157 2888 ier.
188 2821 304 2904 Appar.
333 2823 366 2881 in
401 2823 559 2884 Damoeth.
591 2825 633 2891 Τ.
654 2823 678 2882 1.
708 2845 741 2904 p.
763 2821 841 2883 496.
862 2841 906 2900 eq.
960 2815 1054 2879 Multa
1081 2817 1119 2878 de
1150 2817 1199 2880 hia

102 2928 259 3010 disputare
279 2926 422 3006 memini,
451 2927 578 2990 sirecte
599 2928 741 3003 memini,
775 2927 975 3010 Bergmanum
1002 2921 1041 2984 ed
1062 2921 1200 2984 Isocratis

102 3030 360 3115 Areopagiticum.

192 3133 283 3220 Peg.
307 3137 359 3198 24.
395 3123 546 3218 ’Ἁῤῥενα
584 3133 676 3218 Apud
697 3131 927 3216 Aristophanem
956 3131 1072 3212 ubique
1095 3125 1203 3212 legitur

102 3229 224 3323 ἀρῥην,
256 3239 338 3320 qnod
367 3251 510 3320 tanquam
539 3238 662 3302 mollius
685 3236 852 3324 praevaluit
878 3237 912 3298 in
934 3236 1098 3296 recentiore
1119 3233 1203 3293 Atti·

105 3345 215 3406 ciemo.
260 3345 369 3404 Forma
390 3334 499 3427 ἀρσην,
522 3345 659 3428 Tragicic
681 3344 798 3419 usitata,
820 3330 917 3402 veteri
935 3335 1062 3400 dialecto
1087 3335 1202 3398 Atticae

103 3462 137 3510 et
157 3446 256 3530 vulgo
277 3447 459 3510 Graecorum
487 3449 661 3516 communia,
685 3459 755 3507 erat.
796 3444 843 3506 Cf.
873 3443 1011 3506 Piereoni
1038 3442 1136 3508 Praei.
1166 3463 1201 3524 p·

102 3551 272 3614 XXXVII.
315 3553 416 3614 Koen.
445 3551 484 3614 ad
513 3553 603 3638 Greg.
634 3551 702 3612 Cor.
738 3553 930 3632 p·15d.eq.
973 3545 1142 3607 Brunckius
1165 3543 1205 3604 ad

103 3655 266 3738 Aristoph.
297 3655 376 3720 Plut.
405 3677 438 3720 v.
466 3663 538 3724 166.
590 3657 697 3738 Poppo
725 3654 814 3714 Obss·
842 3655 876 3714 in
905 3650 1049 3732 Thucyd.
1077 3673 1108 3732 p.
1135 3648 1208 3715 147.

106 3761 286 3824 Generatim
309 3760 347 3820 de
373 3761 512 3823 iunctura
541 3761 694 3822 literarum
716 3740 765 3832 λσ,
783 3739 834 3832 dd]
856 3737 905 3839 οἳ,
927 3777 986 3817 non
1009 3757 1040 3816 in
1064 3755 1205 3816 omnibus

105 3863 330 3927 vocabulorum
359 3863 452 3944 locis,
484 3889 518 3926 ac
540 3888 578 3926 ne
600 3887 636 3930 co
668 3864 789 3944 quidem
804 3861 878 3947 xloco
901 3862 1039 3922 omnibus
1060 3861 1208 3922 aetatibus

108 3971 224 4052 pariter
252 3969 437 4050 improbata,
480 3970 597 4034 disserit
624 3967 758 4032 Lobcck.
799 3967 838 4028 ed
867 3965 981 4048 Phryn.
1010 3987 1041 4048 p.
1062 3963 1140 4028 214.
1163 3983 1208 4046 aq.

108 4075 355 4137 Τισσοτασυιι.

198 4177 300 4238 lbid.
356 4170 566 4261 Ἀνθραιπείᾳ
601 4165 712 4255 φύσει,
752 4167 843 4242 ’Aa
880 4167 1088 4259 ἀνθρωπίνῃ,
1127 4161 1211 4230 Ἑλλ.

19 4272 22 4280 ’
112 4285 235 4346 Haecoe
259 4283 448 4358 observatio>
481 4283 606 4365 eiqaae
628 4281 703 4360 elia,
733 4282 893 4344 admodum
923 4279 1035 4340 incerta
1057 4287 1102 4338 eet
1124 4285 1213 4356 atque
