2844 4946
212 381 274 428 111

208 577 210 584 ,
297 528 365 608 Qui
381 527 451 591 libri
473 551 542 592 cam
570 529 704 594 omnium
735 545 836 594 essent
864 527 1123 614 depravatissimi,
1153 525 1193 588 ed
1214 526 1302 590 Cois-

210 631 320 696 liniani
342 645 421 696 certe
451 645 481 694 et
508 633 597 718 Regii
623 635 832 717 praestantiam
861 633 945 696 nullo
958 633 1064 697 'modo
1100 629 1303 715 comparandi,

210 738 289 798 tenti
308 757 370 800 nors
391 736 561 812 videbatur,
581 751 617 799 ut
634 739 879 802 vindobonensis
892 737 976 800 Msti
996 739 1147 802 variantes
1167 749 1301 820 peterem

207 837 372 915 breem,
393 862 466 922 qnae
488 855 605 912 tamen,
626 843 652 906 ai
671 845 841 926 petiissem,
864 839 950 904 imile
971 863 989 904 a
1009 841 1083 904 Viro
1103 838 1299 904 Nobilissimo

209 943 394 1020 swietenio,
427 943 589 1008 Caesareae
608 946 814 1010 Bibliothecae
835 945 988 1010 Praefecto
1018 934 1217 1030 dignissimo,
1249 961 1300 1006 me

104 1096 107 1114 .
207 1050 436 1132 impetratanem
465 1049 559 1113 fuisse
579 1051 717 1118 conlido.·

120 1213 127 1226 ,
295 1151 416 1216 Moerin
437 1153 506 1216 MS.
537 1155 571 1216 in
600 1153 704 1218 multis
724 1153 929 1236 Bibliothecie
949 1151 1074 1218 Gallicis
1105 1166 1136 1216 et
1164 1147 1300 1238 Anglicia

209 1269 326 1320 exstare
347 1258 450 1322 solbit
469 1256 633 1320 Salmasius
661 1259 699 1319 de
727 1259 818 1344 Ling.
840 1257 961 1320 Hellen.
991 1280 1023 1342 p.
1048 1253 1104 1320 db·
1146 1253 1209 1336 Qui
1230 1253 1301 1318 libri

208 1381 248 1422 an
270 1363 308 1422 ab
329 1362 387 1440 iis,
407 1381 484 1443 quoa
505 1363 566 1424 iam
588 1362 837 1440 memoravimus,
851 1361 972 1424 diversi
992 1362 1070 1444 sint,
1092 1358 1216 1423 delinire
1237 1379 1300 1422 noo

207 1463 363 1528 audemus.

296 1565 437 1632 codicem
467 1587 588 1651 quoqne
620 1589 710 1633 eoum
741 1567 848 1650 laudat
874 1545 1048 1654 Stepharlus
1081 1567 1127 1629 Le
1145 1567 1301 1649 ¹Moynins

208 1671 284 1737 Ver.
307 1673 390 1736 Scor.
411 1693 443 1755 p.
467 1674 543 1736 479.
589 1673 651 1736 Sed
671 1674 761 1758 Regii
792 1673 999 1758 apographum
1025 1671 1119 1734 luisse
1139 1671 1256 1756 opinor.

294 1775 458 1838 Vaticanus
480 1774 585 1838 Codex
613 1789 794 1842 memoretur
822 1797 841 1837 a
869 1775 927 1838 Ph.
948 1778 1011 1840 Jae.
1034 1775 1193 1838 Mausrmo
1214 1775 1299 1838 Dias.

208 1877 283 1968 Gritt
305 1879 338 1940 in
359 1877 536 1962 Harpocrat.
559 1903 590 1964 p.
608 1882 689 1946 «ool.
711 1877 801 1966 (393.
827 1901 927 1942 novae
948 1878 1011 1962 ed.)
1048 1879 1218 1958 „Moeridis
1238 1877 1299 1942 At-

207 1983 327 2062 „ticieta
354 1979 494 2044 laudator
522 1983 686 2064 al’hotio,
729 2005 821 2068 quem
848 1984 961 2047 librum
988 1985 1093 2048 dicunt
1122 1997 1239 2046 exstare
1266 1983 1300 2044 in

207 2087 377 2165 „Vaticana
398 2089 509 2148 rammi
529 2087 682 2150 Pontificio
703 2087 924 2150 Bibliotheca.“

293 2190 448 2254 Praeterea
467 2189 581 2254 Moeris
601 2191 671 2254 Ms.
693 2207 943 2254 commemoretur
962 2193 996 2254 in
1017 2189 1159 2276 catalogo
1180 2187 1300 2253 Biblio-

208 2293 312 2358 meere
340 2295 381 2354 D.
411 2293 509 2358 Marci
537 2295 684 2358 Venetiis.
727 2295 811 2358 Inter
838 2295 1054 2358 Grammaticos
1085 2289 1192 2360 codex
1222 2295 1298 2359 486.

207 2400 389 2463 ehmtaceus·
425 2397 491 2460 Fol.
526 2399 599 2461 344.
644 2397 746 2462 Secnli
774 2400 892 2462 circiter
919 2399 991 2462 XV.
1035 2399 1237 2482 Repetiuntur
1266 2399 1301 2460 in

113 2563 116 2572 ,
207 2502 262 2566 illo
283 2501 358 2564 God.
378 2501 425 2567 Μ.
445 2501 641 2586 Moechopnli
662 2501 808 2566 Collectio
835 2523 947 2565 vocum
967 2501 1136 2564 Atticarum
1158 2523 1198 2564 ex
1217 2501 1298 2563 ihre-

207 2607 329 2692 gieibes
349 2603 539 2678 Philostrati,
559 2604 646 2670 Tho'
716 2607 878 2691 Magister,
907 2605 1098 2668 Eumoeridis
1116 2603 1238 2668 libellus
1260 2605 1301 2668 de

207 2711 335 2772 vocibus
355 2709 463 2772 Atticis
485 2706 577 2796 (sic),
605 2622 813 2791 Pffiichns,
840 2709 924 2771 Mae.
941 2707 1160 2792 Moechopnlue
1186 2707 1300 2792 aliique

206 2811 321 2898 plures.
351 2813 399 2874 De
420 2813 505 2875 onius
526 2827 622 2878 aetate
640 2814 802 2876 admodum
823 2815 936 2876 recenti
957 2835 1026 2875 cnm
1046 2825 1171 2892 constet,
1189 2814 1300 2898 dignus

208 2941 271 2981 non
292 2915 467 2997 videbatur,
498 2919 583 2981 onius
605 2919 703 2984 varlas
721 2918 865 2982 lectiones
886 2917 962 2980 mihi
982 2931 1086 2982 aamtu
1113 2929 1144 2980 et
1164 2917 1300 2982 molestia
1385 2973 1388 2979 ,

208 3043 419 3106 compararem.

295 3127 394 3190 Venio
415 3147 496 3188 nuno
517 3125 554 3188 ed
576 3125 764 3202 Moeridem3
789 3127 829 3190 de
850 3129 936 3190 onius
957 3125 1080 3188 nomine
1100 3127 1199 3210 primo
1220 3147 1299 3208 pen-

208 3231 254 3294 ois
274 3229 488 3316 disputandum
508 3243 562 3294 est.
599 3231 712 3294 Moeris
741 3227 907 3314 appellatur
934 3249 952 3292 a
977 3227 1084 3290 Photio
1114 3231 1149 3290 in
1179 3229 1299 3291 Biblio-

208 3327 306 3400 theca.
349 3333 494 3398 Similiter
520 3337 553 3394 in
582 3333 678 3397 Godd.
708 3333 893 3397 Goialiniaeo
924 3347 954 3394 et
982 3333 1089 3418 Regio.
1141 3333 1177 3393 In
1206 3331 1299 3394 Mas.

208 3453 310 3501 autem
329 3437 567 3516 vindobonensi,
588 3439 668 3500 unde
689 3437 867 3500 Pricaeanus
888 3459 923 3499 ac
942 3437 1112 3499 Vossianus
1133 3436 1299 3510 defluxere,
1407 3481 1419 3496 .

209 3557 241 3606 et
264 3539 376 3604 Veneto
396 3543 593 3606 Enmoerides
614 3545 802 3621 norrrinatrsr,¹
818 3533 1026 3624 Εὗμοιρίΰους
1056 3553 1144 3622 etque
1164 3541 1207 3602 ita
1226 3561 1298 3601 eum

209 3643 363 3732 appellant
390 3644 579 3710 Golomeslns
607 3645 683 3708 Obs.
704 3641 786 3709 Scor.
815 3669 848 3730 p.
870 3649 943 3708 186.
972 3657 1003 3706 et
1032 3640 1234 3728 spanhemius
1262 3643 1299 3704 in

208 3755 289 3816 notis
308 3751 347 3814 ad
366 3751 598 3834 Aristophanem
621 3763 651 3812 et
672 3751 712 3812 de
731 3751 771 3814 U.
794 3764 825 3811 et
842 3749 878 3812 Ρ.
901 3749 1133 3813 Numismatum.
1174 3748 1300 3812 Moenia
1418 3749 1419 3752 ’

210 3859 357 3940 scriptum
382 3869 429 3918 est
458 3855 539 3938 apud
568 3852 725 3918 Labbeum
755 3853 834 3918 Bibl.
862 3853 944 3918 ch.
973 3853 1126 3916 Manuaor.
1165 3871 1197 3935 p.
1222 3855 1298 3918 105.

208 3963 321 4026 Macris
341 3961 423 4046 apud
443 3961 488 4022 Le
508 3960 671 4039 Moyninm
692 3960 762 4022 Ver.
783 3960 867 4021 Sace.
897 3959 937 4020 Τ.
960 3959 998 4019 11.
1020 3981 1050 4040 p.
1071 3959 1146 4021 479.
1176 3969 1298 4018 utrum·

209 4087 268 4148 que
288 4079 431 4148 typorum
452 4085 569 4139 errore,
610 4063 691 4145 qnod
712 4065 830 4125 monuit
859 4061 907 4127 Cl.
929 4061 1128 4146 Schlaegerus
1155 4062 1189 4121 in
1210 4057 1302 4124 Gon-.
1417 4141 1418 4148 ἵ

208 4185 322 4254 spectu.
365 4171 458 4232 Recte
482 4169 651 4232 Hudsonos
681 4161 840 4250 Μοίριδος
868 4165 973 4230 edidit.
1015 4164 1187 4249 Schlaegeri
1208 4165 1298 4256 {enim

208 4275 408 4338 coniecturam
436 4275 469 4335 in
495 4273 592 4358 ipsius
612 4273 778 4356 specimine
798 4269 859 4356 legi
888 4269 1008 4347 malim,
1036 4292 1126 4353 quam
1146 4269 1198 4332 hie
1219 4289 1298 4352 ope-

204 4399 271 4442 rose
290 4399 308 4441 a
326 4399 375 4442 me
394 4379 538 4460 relutari3
580 4377 756 4463 praecipue,
793 4397 888 4460 quum
908 4377 976 4461 ipse
994 4377 1050 4442 Vir
1072 4375 1208 4442 eruditos
1230 4393 1300 4438 eam
