2860 4942
226 323 249 373 0

227 451 321 515 curies
347 463 471 538 egeritur
493 466 524 516 st
546 449 759 533 verbersnmr,
787 449 949 515 admodum
971 451 1103 512 incertus
1123 463 1173 514 est
1194 463 1226 514 et
1248 449 1322 514 solis

229 556 353 620 fortasse
370 558 579 620 Grammaticis
596 557 827 640 relinquendus,
847 559 899 639 qui
920 577 998 641 vage
1020 553 1203 640 etymologia
1223 538 1275 640 (ic
1292 569 1323 616 et

229 647 375 745 πλὴοοο)
410 675 500 743 etque
524 663 614 725 simili
636 651 782 762 βοοπλφξ
812 662 931 746 decepti
960 659 1044 722 illem
1077 662 1233 721 notionem
1265 660 1325 722 sibi

230 765 353 826 finxisse
378 766 548 834 videntur.
579 769 630 830 Sic
657 767 840 830 scholiastes
854 766 1033 847 Pletonisp.
1055 769 1130 826 316.
1158 763 1207 824 ed.
1224 761 1322 825 Bekis.

222 850 383 952 “maist
403 859 584 952 ἀφετήριον,
604 856 764 952 cribris
739 891 843 955 ωσπερ
869 867 945 944 οὖν,
966 859 1143 946 πάσσαλος,
1165 857 1325 951 κοράτιοος

230 971 344 1054 κρίκος,
364 960 469 1034 πάντα
483 969 642 1056 θηλυκοῖς.
686 976 839 1042 Photioo.
854 976 929 1037 463.
946 973 993 1034 ed.
1007 971 1113 1034 Herm.
1142 985 1187 1032 est
1207 967 1325 1053 φραγέ-

232 1067 320 1151 Ἅοοτ,
340 1073 475 1158 ἅφετρρί
475 1099 505 1140 α.
550 1078 597 1142 cf.
624 1079 718 1140 Bekis.
741 1069 800 1141 Ari.
826 1078 883 1143 Gr.
910 1079 949 1138 T.
963 1079 987 1142 l.
1011 1077 1112 1160 Ρ.64,
1131 1081 1181 1136 12.
1222 1075 1325 1134 Bech-

234 1181 336 1242 msnni
351 1185 411 1246 An.
429 1183 483 1246 Gr.
505 1183 577 1250 Vol.
591 1184 615 1248 Ι.
632 1208 665 1266 Ρ.
682 1185 755 1265 401,
774 1191 808 1246 6.
850 1183 958 1247 Zonsr.
984 1181 1026 1243 Τ.
1042 1181 1083 1241 ll.
1099 1202 1127 1248 c,
1143 1183 1240 1241 1768.
1280 1179 1325 1240 At

233 1303 273 1343 ns
300 1284 333 1344 in
356 1286 567 1348 recentissimis
590 1287 712 1368 quidem
742 1287 865 1350 Graecis
891 1287 1086 1368 scriptoribus
1112 1283 1204 1344 huius
1226 1279 1327 1363 expli-

235 1387 360 1448 ortionis
373 1391 535 1472 vestigium
556 1403 688 1473 apparet.
732 1393 850 1453 Temen
864 1391 948 1452 viros
962 1387 1044 1450 haud
1064 1387 1202 1448 indoctos
1228 1403 1328 1445 ems·

235 1615 275 1658 ex
289 1595 436 1660 Tennulii
458 1598 719 1662 animadversione
743 1573 950 1664 rdhmblich.
968 1597 989 1662 l.
1008 1621 1033 1658 o.
1025 1620 1081 1680 ..p
1104 1601 1206 1668 179.

321 1765 412 1852 Peg·
432 1770 509 1832 346.
549 1765 821 1854 ’Τποκορίζεσθαο
842 1769 1042 1832 Ruhnkenius
1059 1767 1097 1828 etl
1113 1769 1196 1830 Tim.
1214 1789 1245 1848 p.
1254 1767 1333 1834 267.

236 1887 264 1930 ι.
288 1890 321 1950 Ρ.
340 1877 416 1936 222.
447 1873 497 1940 ed.
528 1895 612 1934 mese
639 1877 831 1936 scribendum
864 1875 1033 1956 suspicatur
1058 1864 1334 1952 Ὗποκορίζοσθαι,

232 1962 311 2036 un.
330 1967 536 2056 ὑποκορίζειν,
554 1970 644 2036 ‘Eis
680 1978 828 2055 „Monere
848 1977 965 2055 voluit,
989 1977 1106 2036 Atticos
1130 1975 1220 2036 buius
1244 1975 1333 2034 verbi
1416 2039 1417 2042 ¹

239 2073 335 2136 forms
352 2079 449 2138 medis
468 2101 538 2139 usos
554 2101 629 2156 esse,
652 2083 833 2142 recentiores
849 2081 978 2142 Graecos
1004 2080 1114 2140 activo.
1158 2079 1334 2140 Damascius

239 2200 289 2262 sp.
310 2179 402 2244 Pbot.
424 2206 458 2264 p.
476 2183 571 2248 1044.
595 2174 719 2266 Βάβιον
734 2179 786 2244 καὶ
800 2179 927 2244 παιδίον
942 2169 1084 2243 ἀνεκάλει
1107 2175 1336 2263 ὖποκορίζουοοι

239 2267 299 2362 τὴν
321 2275 462 2366 φωνήο.“
504 2289 627 2348 Hsnccc
661 2285 866 2349 candidissimi
890 2285 1067 2348 Ruhnkenii
1095 2285 1337 2347 observationem

240 2408 312 2448 cum
327 2389 501 2470 pulvisculo
519 2390 641 2453 abstulit
657 2390 874 2454 schleusnerus
896 2393 928 2451 in
945 2388 1074 2451 Miscell.
1091 2389 1181 2453 crin.
1207 2409 1225 2450 e
1246 2391 1338 2450 Frie-

243 2489 324 2554 dem.
342 2506 373 2554 et
387 2493 475 2558 Seeb.
495 2495 582 2556 editis
607 2495 680 2560 Vol.
696 2498 721 2560 1.
738 2495 776 2560 Ρ.
796 2501 829 2558 3.
844 2519 879 2578 Ρ.
895 2499 973 2559 535.

329 2628 419 2713 Peg.
443 2636 521 2694 351.
569 2621 740 2714 Φιλόγολω,
758 2625 836 2695 Ἄττ.
861 2624 1075 2714 φιλογέλωτες,
1090 2623 1181 2690 Ἕλλ.
1218 2625 1341 2692 Bestius

243 2729 282 2790 cd
305 2731 397 2818 Greg.
421 2735 493 2800 Cor.
517 2757 547 2818 Ρ.
567 2741 643 2800 646.
665 2749 759 2796 tentet
786 2723 956 2817 φιλόγελφ,
996 2757 1085 2816 quem
1116 2735 1342 2815 nominativum

245 2833 355 2915 plural.
381 2840 469 2900 nobis
493 2833 686 2921 explicuisset
714 2838 839 2907 vellem.
891 2839 1040 2919 Equidem
1070 2839 1165 2920 probo
1196 2837 1342 2900 Hudsoni

246 2931 462 3022 φολιογέλοτος,
484 2945 566 3025 quod
584 2958 614 3005 et
630 2945 763 3034 Thomas
781 2943 871 3004 hebet
887 2944 1044 3025 Magister.

331 3095 424 3184 Peg.
448 3105 525 3163 358.
551 3079 705 3176 &cirsion
719 3093 798 3162 Ἅττ.
822 3099 962 3182 φορτίον,
985 3095 1131 3178 sinopa,
1147 3089 1239 3159 ‘Eib
1263 3096 1342 3164 cod.

248 3197 377 3267 SGsrm.
398 3225 449 3286 sp.
475 3195 726 3288 Brsb'Append.
757 3205 795 3264 sd
817 3206 878 3288 ΕΡ.
901 3203 975 3272 Crit.
1003 3225 1037 3286 Ρ.
1056 3205 1115 3316 17.
1145 3203 1188 3262 sic
1217 3223 1251 3262 es
1282 3222 1342 3261 ex-

179 3407 186 3420 ·
249 3369 350 3432 hibet:
392 3361 549 3450 Φᾶκελοο,
574 3368 739 3448 ἲΑττιοοῑς.
770 3375 917 3458 φορτίον,
945 3321 1074 3454 taxavi,
1108 3375 1130 3435 i.
1154 3393 1181 3438 e.
1212 3369 1344 3457 φορτίον

250 3463 458 3558 innovissimo,
476 3473 681 3562 Ἑλληνικοῖς.
725 3479 817 3558 Quod
837 3481 1055 3563 reponendum.

337 3630 425 3718 Peg.
449 3643 525 3700 372.
544 3661 571 3700 a.
593 3659 628 3702 v.
651 3643 707 3706 21.
749 3635 900 3701 Eustathii
916 3635 1001 3701 locus
1025 3649 1070 3700 cst
1092 3637 1125 3698 in
1140 3633 1232 3700 Hom.
1250 3629 1288 3702 ll.
1304 3625 1347 3696 Σ.

253 3756 284 3816 p.
304 3740 401 3816 11⁵3,
419 3741 474 3805 ιι.
496 3742 548 3805 οι.
567 3743 657 3811 ιι...

338 3875 429 3961 Peg.
452 3885 527 3943 373.
565 3866 730 3963 Χρήματα,
751 3875 804 3940 reci
826 3865 865 3941 roi
890 3867 1055 3962 πράγματα
1083 3889 1139 3942 etc.
1169 3871 1352 3937 Piersonom

255 3979 345 4042 buius
360 3983 578 4044 observationis
593 4005 716 4046 sensum
732 4005 792 4047 non
814 3986 884 4047 setis
901 3985 1090 4066 perspexisse
1105 3981 1244 4043 demiror.
1271 3977 1352 4039 Per-

255 4083 377 4172 vulgite
394 4099 457 4148 eret
474 4088 593 4170 opinio,
617 4111 706 4170 quam
723 4092 811 4170 qussi
831 4073 1007 4173 permanes
1031 4087 1089 4149 sibi
1112 4083 1270 4147 tredidisss
1295 4083 1353 4142 vi-

256 4193 364 4257 dentur
382 4191 550 4273 Atticistre,
575 4193 702 4258 vocibus
719 4189 820 4279 χρῆμα
839 4207 869 4258 et
882 4185 1023 4279 χρήματα
1041 4213 1096 4278 pro
1114 4179 1244 4275 ἃργὺρια
1266 4188 1354 4271 opti·
