2844 4946
1080 315 1204 369 Lxxtx

105 441 213 506 Schol.
244 441 351 506 hesch
378 442 481 510 Prom.
508 465 545 510 v.
567 445 620 514 49.
660 445 894 514 Tenosnnoen.
939 447 987 509 De
1022 444 1203 514 Accusativo

106 548 163 610 illo
182 569 216 644 v.
240 548 394 612 Porsonue
417 551 455 611 ad
476 551 583 634 Enrip.
607 549 709 620 Oreet.
731 573 763 614 v.
788 554 862 614 584.
887 574 921 634 Ρ.
943 555 995 618 57.
1017 553 1065 616 ed.
1088 554 1208 620 Scheef.

14 707 16 722 ,
105 667 176 717 tert.
213 653 330 716 Atticos
361 667 462 716 entem
489 677 551 718 non
572 669 741 718 constanter
757 644 907 716 Ἀπόλλω
930 656 1061 733 dixisse,
1095 671 1130 718 ut
1150 657 1204 720 ille

14 735 16 772 ἶ
106 758 277 835 contendit,
299 759 388 820 docet
409 761 602 822 Hermannua
624 762 662 820 ed
684 759 777 844 Soph.
800 760 944 823 Trachin.
967 781 998 822 v.
1014 767 1090 826 208.
1104 786 1137 846 Ρ.
1150 764 1209 828 44.·

106 863 157 924 01.
181 863 272 924 etiam
292 863 455 925 Hanoviue
476 865 622 931 Exercitt.
646 865 731 926 crite.
760 865 793 926 in
815 864 901 934 Com.
922 864 985 928 Gr·¹
1004 890 1035 950 p.
1062 872 1139 930 107.
1160 888 1206 950 sq.

197 1003 249 1064 Pa
255 1025 286 1087 g.
308 1009 360 1066 32.
396 991 502 1085 ”Axon
533 1002 580 1064 01.
602 1004 795 1066 Herodianus
814 1005 891 1066 int're
912 1027 943 1088 p.
965 1005 1041 1076 409.
1059 1006 1146 1068 Idem
1168 1007 1206 1068 eh

108 1110 180 1171 aliis
203 1107 423 1184 Grammaticis,
444 1105 562 1168 Thomu
582 1107 627 1172 M.
654 1131 688 1191 p.
713 1112 784 1172 135.
828 1105 1002 1192 Phrynicho
1030 1132 1061 1194 Ρ.
1087 1113 1136 1172 14.
1158 1133 1205 1192 sq.

107 1215 281 1290 verissime,
302 1213 362 1275 uisi
383 1210 481 1290 fallor,
502 1226 704 1295 praeceptum,
750 1213 836 1291 Qua„
858 1214 1010 1294 quondm
1031 1215 1208 1299 Pempgm
1307 1235 1310 1238 .

111 1332 175 1380 erat
193 1318 317 1400 opinio,
355 1316 483 1379 Graecos
505 1307 576 1398 ἄχρι
597 1329 628 1377 et
648 1315 735 1399 μέχρι
764 1329 907 1400 aequente
937 1339 1088 1395 consone,
1117 1310 1204 1402 ἄχρις

110 1443 187 1484 vero
218 1433 248 1482 et
272 1418 378 1503 μέχρις
406 1435 473 1482 ente
502 1417 641 1484 vocalem
661 1420 817 1504 poeuisse,
859 1421 1015 1503 peritiores
1044 1425 1204 1506 postmodo

109 1528 158 1610 ite
174 1525 350 1587 mutandam
372 1545 438 1588 esee
459 1523 693 1602 intellexeeunt,
722 1537 757 1584 ut
778 1525 811 1584 in
833 1523 915 1586 solos
943 1531 1047 1607 poetae
1070 1547 1206 1588 normam

110 1630 196 1692 illam
220 1629 365 1710 quadrae
386 1641 559 1692 statuerent.
603 1631 645 1690 Et
662 1627 798 1712 profecto
827 1629 861 1690 in
883 1627 991 1692 Atticis
1012 1650 1118 1713 prosae
1138 1651 1206 1692 ora-

112 1737 206 1796 tionis
227 1734 422 1816 scriptoribus
442 1723 513 1816 dpps
535 1746 565 1794 et
586 1733 674 1814 μέχρι
693 1735 895 1814 subsequente
916 1732 1034 1812 vocali,
1064 1747 1207 1816 tauquam

110 1837 201 1919 μέχρι
223 1833 378 1916 ἐνταῦθα,
399 1835 488 1920 μέχρι
503 1830 693 1921 Ἡρακλείων
713 1831 844 1918 στηλῶν,
865 1839 975 1918 ubique
995 1839 1058 1901 fere
1077 1839 1207 1902 eGodd.

110 1942 248 2003 melioris
276 1955 364 2004 notae
386 1965 469 2004 nuuc
491 1943 639 2004 adscitum
667 1939 826 2018 videmus,
870 1941 993 2004 alteram
1019 1944 1147 2006 formam
1173 1946 1207 2008 iu

112 2069 219 2110 eorum
241 2047 360 2128 scriptis
381 2067 476 2128 paene
499 2045 694 2108 obliteratam.
737 2047 774 2106 In
795 2045 919 2108 Platone
940 2047 1006 2110 iure
1034 2051 1152 2130 primus
1172 2050 1207 2110 id

110 2153 183 2214 feeit
207 2151 366 2214 Fischerus
388 2151 427 2221 cd
447 2147 601 2212 Phaedon.
632 2171 698 2232 cap.
722 2151 752 2210 5.
774 2172 806 2232 p.
830 2151 902 2212 254.
932 2163 963 2210 et
990 2151 1078 2216 iustis
1108 2155 1206 2218 ce'nsis

110 2271 225 2333 metue,
246 2257 335 2318 Imm.
357 2253 524 2333 Behherus,
547 2277 565 2316 a
586 2275 658 2335 quo,
681 2273 756 2334 quoe
779 2254 815 2312 ad
838 2254 931 2334 Gorg.
953 2276 988 2336 p.
1013 2261 1086 2316 137.
1107 2257 1208 2318 Hein-

111 2364 226 2425 dorfius
247 2361 401 2444 congessit,
416 2357 510 2436 locos,
538 2359 562 2418 ii
583 2379 664 2418 nunc
686 2377 790 2418 omnes
814 2355 1208 2425 matemautensem.

109 2467 150 2530 V.
173 2465 355 2530 Stallbaum.
380 2462 418 2524 ad
433 2463 552 2526 Phileb.
573 2483 605 2543 p.
620 2465 675 2526 39.
699 2459 736 2522 ed
750 2460 903 2524 Phaedon.
921 2481 954 2544 Ρ.
973 2467 1045 2526 183.
1060 2461 1100 2524 ad
1113 2465 1208 2545 Sym·

109 2593 179 2656 pos.
203 2593 235 2654 p.
262 2576 333 2634 128.
357 2565 504 2649 quidquid
526 2566 708 2628 contradicat
729 2563 871 2628 Loeeeius
893 2565 931 2624 ad
952 2566 1078 2630 Menex.
1101 2567 1209 2650 (quem

109 2691 215 2738 tamen
237 2673 391 2758 dialogum
413 2695 431 2732 e
450 2670 583 2734 Plutonis
605 2691 697 2730 menn
719 2690 779 2730 non
802 2691 867 2732 esse
889 2669 1057 2752 profectum
1079 2671 1208 2734 demon-

110 2795 208 2844 strare
227 2801 324 2862 nuper
346 2789 566 2864 aggressusest
588 2773 789 2858 Goettlingius
810 2773 848 2836 ed
869 2774 963 2838 Arist.
978 2773 1072 2840 Petit.
1093 2799 1124 2859 p.
1133 2783 1210 2840 328.

112 2891 191 2950 329.
213 2885 379 2945 rationibus
400 2903 473 2959 usus
494 2881 576 2944 haud
598 2875 839 2963 contemnendis)
861 2901 895 2961 p.
921 2883 995 2948 155.
1024 2879 1072 2944 01.
1096 2879 1211 2942 Schue-

110 2990 169 3050 fer.
194 2987 277 3070 App.
304 2979 349 3048 in'
369 2985 530 3054 Demosth.
560 2987 603 3050 T.
625 2985 677 3046 111.
704 3007 736 3069 Ρ.
769 2989 845 3050 353.
875 2983 918 3046 Τ.
940 2985 997 3050 IV.
1019 3007 1053 3065 Ρ.
1076 2989 1151 3048 303.
1180 2999 1212 3048 et

111 3091 302 3158 Animadvv.
333 3091 372 3154 cd
391 3090 545 3160 Plutarch.
567 3089 637 3152 Vol.
659 3091 700 3153 V.
722 3111 754 3171 p.
776 3092 852 3152 268.
875 3092 950 3150 269.
995 3086 1142 3152 Baehrius
1173 3089 1213 3150 ed

112 3197 212 3260 eiusd-
233 3195 343 3275 Pyrrh.
365 3217 431 3280 cap.
457 3203 506 3258 10.
528 3217 559 3277 Ρ.
583 3196 655 3258 165.
673 3193 709 3253 lu
728 3192 931 3275 Xenophonte
952 3180 1039 3272 ἄχρις
1058 3203 1090 3252 et
1108 3189 1213 3276 μέχρις

113 3301 282 3362 etiamnum
309 3299 359 3360 hic
386 3299 449 3360 illio
476 3298 575 3384 leges,
611 3296 710 3360 veluti
738 3297 839 3360 Anab.
868 3295 908 3361 11.
933 3301 964 3373 3,
987 3302 1021 3358 2.
1051 3295 1107 3364 Ill.
1125 3298 1158 3368 4,
1182 3301 1213 3362 8.

113 3407 155 3468 V.
182 3412 212 3478 1,
236 3409 265 3464 1.
289 3409 320 3481 5,
342 3403 372 3462 4.
394 3403 478 3468 Hist.
500 3403 556 3467 Gr.
585 3401 639 3464 Vt.
662 3405 692 3478 5,
716 3406 768 3462 37.
812 3401 1017 3461 Bornemann.
1048 3399 1087 3460 ad
1113 3397 1211 3462 Anah.

112 3509 138 3570 1.
161 3510 193 3585 4,
216 3514 266 3570 13.
288 3531 322 3592 Ρ.
343 3510 400 3573 41.
439 3509 487 3568 De
517 3506 700 3585 Thucydide
728 3525 763 3570 u.
785 3500 892 3587 Poppo
920 3504 954 3564 iu
974 3501 1092 3590 Proleg.
1124 3505 1165 3565 Τ.
1189 3503 1214 3564 I.

14 3603 15 3666 s
111 3636 146 3696 p.
170 3615 249 3674 215.
267 3613 302 3674 P.
329 3621 358 3674 1.
388 3609 457 3672 Vct.
480 3611 504 3670 I.
525 3634 558 3694 p.
581 3611 655 3678 417.
677 3631 722 3691 sq.

203 3751 304 3812 lbid.
343 3741 511 3826 Ασταφίς.
552 3748 598 3810 01.
578 3747 716 3809 tssekk.
737 3745 799 3810 An.
823 3746 876 3810 Gr.
901 3749 940 3812 Τ.
962 3748 985 3809 Ι.
1005 3770 1038 3832 p.
1062 3748 1138 3832 453,
1160 3753 1215 3814 27.

113 3855 218 3918 Koen.
242 3855 280 3916 ad
303 3853 398 3936 Greg.
421 3851 493 3917 Cor.
521 3875 552 3935 p.
575 3852 653 3922 454.

202 3976 305 4042 lbid.
344 3967 552 4057 Ἀσκαρίζενν
595 3973 646 4035 Sic
662 3970 783 4058 Apogr.
805 3973 895 4038 Voss.
918 3973 966 4037 01.
988 3905 1103 4055 Phryn.
1127 3971 1212 4060 App.

111 4079 210 4164 Scph.
239 4081 347 4162 Ρ.24,
374 4085 424 4142 17.

196 4201 285 4284 Peg.
309 4207 362 4264 33.
407 4193 607 4284 Αἶαίλουρος.
639 4197 816 4282 Legendum
840 4199 905 4260 eine
928 4197 1021 4258 dubio
1043 4183 1214 4276 αἰέλουρος.

110 4303 159 4374 01.
178 4303 325 4372 Brunck..
344 4303 384 4368 ad
405 4303 560 4390 Aristoph.
576 4301 708 4366 Acheru.
735 4324 768 4372 v.
793 4307 870 4368 887.
910 4297 1215 4366 Versum.Anaxen-
