2844 4946
204 317 312 368 LXXX
321 317 351 368 11

188 419 190 431 Ι
247 481 250 488 ’
288 447 387 512 Ibis.
435 439 650 532 ’Asaxpaychc
694 444 737 512 V.
765 443 860 508 snos
879 439 976 526 Epist.
999 437 1076 502 crit.
1098 461 1131 524 p.
1153 441 1231 509 219.
1252 460 1300 522 sq.

203 553 250 618 ed.
271 555 357 638 Lips.
825 624 833 656 Ι
868 629 872 640 Ι

288 672 375 758 Peg.
398 678 453 740 63.
481 656 622 753 Ἀμην,
643 656 681 731 τὸ
709 672 798 731 ctiam
821 668 934 752 Apogr.
952 666 1043 729 Voss.

288 791 373 878 Peg.
397 800 449 858 73.
487 779 626 874 'Aspim
644 823 687 838 -·
709 780 730 870 ἢ
751 777 845 869 μόνος
867 783 943 854 Eoo.
986 787 1038 848 Sic
1059 785 1127 851 MS.
1152 785 1245 848 Coish
1266 799 1298 848 ct

200 896 317 984 'Apogn
336 901 424 960 Voss.
453 917 515 958 non
543 909 675 957 accurate
708 895 741 955 id
771 895 962 954 observatum
990 889 1143 954 Piersono.
1186 893 1296 954 Verbis

202 997 274 1066 ἀντὶ
302 999 361 1064 τοῦ
391 1003 589 1084 adscripscrat
618 1001 642 1060 l.
665 997 700 1060 G.
721 995 876 1064 Wolfius:
907 994 1041 1074 „Pricee
1062 1019 1102 1057 cx
1124 993 1296 1078 Phrynicho

200 1109 291 1196 legit:
313 1107 388 1170 hacc
409 1119 480 1168 nota
502 1105 573 1173 MS.
589 1103 688 1164 Huds.
706 1115 770 1162 eret
790 1101 897 1162 addita·
918 1099 1035 1162 Albensi
1049 1100 1141 1168 Obss.
1156 1102 1295 1183 p.106.“

290 1245 375 1331 Peg.
398 1251 452 1308 79.
492 1235 744 1324 Ἀφροπιστεῖν.
766 1239 879 1324 Apogr.
905 1235 991 1302 Voss.
1008 1233 1293 1320 Ἀφροντιτιστεῖν.

203 1351 251 1415 Gi.
273 1353 380 1413 Zoner.
404 1349 444 1410 T.
467 1349 491 1408 1.
514 1369 539 1407 c.
562 1351 637 1410 359.
658 1346 712 1405 ubi
731 1366 786 1428 pro
814 1335 976 1425 ἅμεριμρεῖ
995 1347 1093 1406 scribo
1114 1336 1275 1428 ἅμεριμνᾷ.

291 1473 380 1554 Peg.
411 1473 469 1530 80.
507 1453 754 1528 'Arachnaion
789 1494 835 1510 -·
876 1455 1138 1547 ἆναμερίσασθαι.
1179 1466 1296 1548 Apogr.

202 1577 292 1640 Voss.
312 1567 566 1656 ἇναμερὶζεσθαι.
586 1569 648 1634 sed
669 1590 704 1636 v.
724 1567 825 1634 ssekk.
845 1568 908 1634 An.
931 1569 987 1636 Gr.
1009 1570 1054 1636 Τ.
1073 1569 1100 1637 Ι.
1120 1591 1152 1654 p.
1176 1576 1251 1649 396,
1265 1576 1295 1636 6.

150 1737 153 1742 .
201 1677 571 1747 zonar.T.1.c.197.
1055 1671 1057 1682 '

289 1795 377 1882 Peg.
398 1803 455 1861 82.
486 1787 691 1874 Ἀμέμπτους
709 1825 754 1842 --
775 1779 851 1863 eosic
869 1781 912 1874 μὴ
936 1786 1042 1866 ἀξίους
1063 1799 1096 1874 μ.
1129 1793 1217 1856 illem
1239 1817 1298 1858 nc-

203 1905 373 1992 gntionem,
403 1921 479 1982 quse
501 1899 600 1966 Codd.
629 1899 768 1960 omnibus
799 1898 901 1975 deest,
931 1900 1101 1960 Pricaeum
1121 1899 1237 1960 habere
1264 1901 1299 1960 in

203 2011 338 2094 margine
359 2005 478 2090 Apogr.
501 2000 591 2072 Voss.
612 2015 747 2064 notatum
767 2002 848 2062 vidit
873 2003 900 2070 Ι.
923 2001 958 2065 C.
979 2003 1127 2068 Wolfiue.

287 2125 373 2210 Peg.
397 2131 451 2192 83.
459 2125 489 2184 b.
497 2143 529 2187 v.
551 2120 670 2205 penult.
690 2123 809 2205 Integra
829 2121 972 2187 Hudsoni
991 2136 1061 2184 note
1080 2125 1124 2184 sic
1140 2145 1173 2184 sc
1188 2124 1298 2186 habet:

201 2235 271 2316 '„1tn
291 2228 454 2314 legendum
482 2227 608 2288 coniicio
638 2247 677 2288 cx
699 2225 866 2290 Scholiasta
888 2228 921 2287 in
944 2225 1155 2310 Aristophanis
1173 2221 1299 2300 Ἱππεῖς

202 2359 238 2406 v.
260 2339 339 2400 262.
384 2333 420 2394 In
448 2329 518 2395 MS.
546 2331 617 2392 voci
633 2321 796 2410 Ἀδόηφ.“
824 2344 881 2398 etc.
924 2329 996 2392 Ad·
1012 2353 1086 2412 quse
1118 2333 1298 2395 Fischems:

201 2443 341 2522 „Totum
361 2435 462 2498 locum
491 2435 535 2498 ite
564 2434 696 2496 restituit
715 2435 883 2498 Hudsonus
913 2435 996 2496 haud
1026 2437 1117 2496 dubis
1146 2455 1207 2496 non
1236 2451 1301 2498 tans

204 2567 244 2608 ex
264 2545 332 2626 ipso
354 2536 539 2615 scholiastes,
572 2559 662 2618 quam
692 2561 709 2598 e
738 2535 850 2599 Snidas
876 2539 979 2600 verbis
1008 2539 1077 2600 hie:
1119 2529 1300 2622 ἀγκυρίσας,

205 2641 278 2710 ἀντὶ
299 2641 358 2706 τοῦ
380 2633 632 2711 καταπαλαίσαςε
678 2663 754 2724 quse
783 2655 902 2720 temen,
933 2656 967 2704 ut
988 2642 1138 2706 Kustsrus
1167 2644 1207 2705 ed
1227 2667 1302 2706 eum

203 2752 307 2816 locum
330 2749 457 2811 scienter
480 2747 631 2824 observat,
651 2749 746 2830 petite
764 2760 836 2808 sunt
857 2769 875 2808 c
895 2745 998 2811 schol.
1021 2747 1177 2832 Axistoph.
1197 2749 1230 2819 d.
1250 2748 1302 2820 l.“

205 2855 257 2922 cf.
278 2857 387 2918 Zoner.
407 2851 450 2914 T.
470 2850 499 2913 1.
521 2873 546 2912 c.
569 2853 625 2918 36.

292 2971 381 3058 Peg.
412 2976 468 3034 89.
520 2955 732 3036 Βαλλᾶρτιον.
774 2971 825 3034 De
852 2973 999 3056 scriptura
1020 2973 1122 3034 omnin
1149 2975 1305 3060 congessit

112 3146 114 3152 ,
203 3083 430 3144 Borncmnnnus
452 3073 491 3136 cd
512 3073 660 3157 Xenoph.
681 3076 792 3159 Symp.
826 3100 891 3160 cap.
912 3078 945 3140 4.
970 3077 998 3158 i.
1020 3083 1052 3145 2.
1072 3101 1104 3160 p.
1129 3085 1206 3147 100.
1249 3078 1302 3146 cf.

116 3249 122 3254 ,
177 3173 182 3182 ’
205 3183 383 3248 Scheeferus
403 3177 591 3245 Animadvv.
616 3179 654 3239 ad
675 3174 829 3247 Plutarch.
859 3181 931 3249 Vol.
954 3179 990 3246 V.
1012 3205 1046 3266 p.
1070 3185 1147 3247 351.

291 3317 380 3406 Peg.
411 3324 467 3384 92.
513 3306 661 3399 szieew.
704 3318 729 3382 1.
752 3317 788 3387 C.
809 3319 944 3386 Wolfius
974 3319 1012 3380 sd
1046 3319 1138 3382 haec:
1180 3319 1302 3401 „Affert

206 3424 372 3510 Spanhem.
392 3423 434 3492 Τ.
455 3421 483 3484 Ι.
503 3445 535 3504 p.
559 3425 635 3484 117.
657 3421 694 3484 de
713 3424 858 3490 Numis.“
879 3426 1071 3486 Hermannus
1094 3425 1132 3486 ed
1154 3425 1303 3509 Sophocl.

205 3527 340 3590 Philoct.
361 3547 398 3592 v.
418 3531 495 3593 735.
514 3551 548 3610 p.
572 3531 647 3594 133.
676 3529 733 3588 etsi
754 3530 847 3588 verbe
873 3515 1002 3610 βρύκειν
1030 3543 1060 3590 et
1088 3519 1216 3612 βρύκειν
1236 3531 1306 3590 oti-

205 3635 276 3718 gine
296 3651 393 3694 unum
414 3631 492 3707 sint,
521 3651 580 3692 usu
600 3645 700 3692 temen
723 3629 837 3712 aliquid
859 3633 1036 3696 discriminis
1057 3633 1222 3696 invaluisse
1238 3647 1308 3696 sta-

207 3739 277 3817 tuit,
296 3749 326 3797 et
345 3735 404 3796 hoc
426 3733 548 3814 quidem
566 3733 724 3814 frendere,
746 3734 821 3796 illud
845 3735 992 3798 mandere
1013 3739 1192 3821 significare.
1300 3721 1304 3730 ¹

293 3869 384 3956 Peg.
417 3875 471 3940 96.
521 3863 689 3954 Βαλβίδες.
717 3903 762 3918 -·
789 3865 917 3956 βαλβίδ’
944 3866 1078 3952 ἀπόδος,
1107 3874 1189 3938 θέτε
1217 3863 1311 3940 πόδα

208 3963 293 4061 παρὰ
313 3966 398 4038 πόδα
420 3988 478 4042 etc.
509 3977 555 4036 Ita
576 3974 735 4039 Piersonus
756 3992 906 4060 postrema
927 3977 1000 4040 haec
1019 3981 1113 4042 verba
1134 4001 1173 4042 ex
1196 4003 1309 4044 emen-

210 4081 332 4144 datione
355 4079 495 4142 salmasii
516 4093 546 4140 st
567 4077 681 4144 Valesii
705 4083 878 4160 constitnit,
908 4084 1049 4163 quonism
1078 4085 1202 4148 meliore
1230 4087 1307 4157 dore

210 4187 271 4269 ipsi
287 4201 352 4248 inm
382 4206 444 4248 non
464 4182 559 4248 licuit.
603 4183 747 4259 Codices,
775 4208 850 4268 quos
871 4187 949 4250 inter
971 4187 1086 4272 hpogr.
1108 4192 1201 4254 voss.
1222 4184 1308 4272 βαλ-

210 4286 287 4375 peda
308 4277 406 4362 ποδὸς
434 4302 552 4352 suntote
573 4287 691 4358 Wolfio
711 4294 851 4375 praebet,
882 4313 979 4376 neque
1010 4311 1083 4358 veno
1111 4281 1228 4375 πόδας,
1258 4299 1308 4358 uti
