2844 4946
1076 279 1201 328 mut

103 407 218 472 Dicam
239 403 323 488 quod
344 409 455 476 sentio.
501 406 635 486 Gelliam,
653 409 970 490 politamssomicum,
993 423 1200 494 argumentum

100 511 182 573 illud
202 510 390 572 tractandum
414 512 472 576 sibi
495 515 658 596 sumpsisse
688 517 774 578 testis
804 531 849 578 eet
871 515 1062 592 Athenaeus,
1084 517 1201 598 quibis

100 619 168 678 eius
191 615 310 676 subulae
331 607 500 695 Παδηταλ,
534 619 598 678 sive
626 620 753 696 Veners,
784 619 892 682 diserte
915 622 1096 684 mentionem
1120 621 1199 696 lacit,

99 720 152 780 lib.
175 721 232 784 lv.
255 741 290 802 Ρ.
312 725 387 784 176.
407 722 443 780 F.
463 719 516 780 lib.
537 723 619 788 vltt.
648 745 682 803 p.
706 723 779 786 stt.
802 725 839 786 E.
868 725 954 787 testis
975 739 1038 802 est,
1070 739 1105 808 pt
1125 723 1198 788 ulios

100 826 232 899 mittam,
254 823 361 886 Suidas
381 845 418 918 ε..
430 845 463 887 v.
508 825 597 892 Unde
621 828 695 886 mihi
714 828 846 910 suspicio
868 829 989 895 suborta
1012 841 1075 908 est,
1098 829 1197 888 Scho-

98 929 208 992 liastae
229 929 324 990 verba
344 930 376 988 in
410 927 493 990 bunc
516 931 631 1015 undum
662 952 726 995 esse
757 931 947 1015 corrigenda:
977 927 1017 1002 ὡς
1047 931 1196 1014 Αἰσχίνης

97 1025 112 1095 ὁ
137 1017 342 1112 Σωκρατικὸς
363 1028 397 1092 ἐν
416 1017 549 1116 διαλόγῳ
570 1028 695 1116 Καλλίᾳ
717 1031 770 1099 καὶ
791 1029 934 1106 Καλλίας
953 1027 1064 1114 ὁμοίως
1088 1029 1197 1118 Πεδη-
1305 1107 1307 1112 ,

96 1141 180 1206 ταῖς.
224 1136 305 1196 Satis
327 1136 481 1214 audacter,
512 1137 589 1202 dieat
611 1137 728 1220 aliquis.
772 1141 833 1202 Sed
859 1154 894 1202 ut
922 1140 1054 1202 Platonis
1084 1139 1196 1203 scholia

99 1241 224 1323 saepius
255 1239 402 1323 descripta
433 1254 464 1300 et
491 1243 561 1304 ideo
590 1265 679 1326 saepe
701 1243 862 1326 depravata
891 1265 955 1306 esse
977 1265 1066 1306 nemo
1088 1244 1196 1308 lterum

99 1367 200 1411 rerum
223 1345 341 1431 peritus
362 1347 501 1440 negabit,
529 1349 572 1406 ita
602 1347 660 1408 ho'c
680 1349 748 1430 ipso
777 1345 845 1408 loco
871 1349 977 1408 erroris
1006 1349 1089 1432 origo
1112 1349 1193 1408 haud

99 1449 189 1532 longe
212 1447 268 1512 erit
291 1447 475 1514 arcessenda.
498 1449 650 1514 Videlicet
672 1473 741 1513 cum
763 1445 922 1530 Καλλίας,
946 1451 1105 1514 Aeschinis
1128 1452 1194 1512 dia-

98 1554 187 1638 logus
208 1554 254 1614 sie
276 1553 448 1634 inscriptus,
466 1555 605 1636 proxime
628 1555 793 1630 antecedat,
816 1556 882 1618 eius
901 1554 985 1632 loco,
1008 1557 1060 1634 qui
1082 1554 1195 1616 scholia

97 1661 125 1739 in
149 1655 309 1718 Platonem
328 1655 544 1740 philosophum
567 1659 768 1740 describebat,
790 1658 925 1722 Platonis
947 1657 1062 1720 Comici
1083 1679 1193 1720 nomeu

96 1761 261 1822 infeliciter
284 1782 316 1822 se
337 1761 482 1834 obtulisse
501 1761 656 1844 probabile
679 1777 734 1827 est.
758 1744 760 1750 ¹

181 1864 274 1926 Prius
294 1865 369 1926 haec
390 1888 408 1926 e
428 1887 477 1928 me
499 1867 531 1926 in
553 1865 702 1929 chartulas
720 1869 853 1928 coniecta
876 1879 977 1942 erant,
1007 1889 1096 1948 quem
1116 1891 1191 1928 een-

95 1971 163 2032 dem
187 1971 388 2032 coniecturam
417 1972 450 2032 in
471 1983 601 2032 mentem
631 1973 752 2035 venisse
779 1969 917 2034 intellexi
945 1972 1105 2034 Dindorfio
1127 1995 1191 2032 ma-

96 2077 149 2136 iori
171 2073 326 2158 Aristoph.
353 2077 528 2158 Fragment.
557 2097 590 2158 Ρ.
614 2079 668 2139 21.
708 2076 760 2156 qui
790 2070 831 2146 nic
860 2075 952 2157 Αίσχ.
984 2069 1000 2135 ὁ
1029 2073 1129 2156 Σωκρ.
1157 2073 1192 2136 ἐν

94 2172 173 2238 deul..
192 2170 344 2260 Ἀσπασίᾳ
372 2179 497 2260 insuper
525 2179 674 2262 corrigens
703 2181 747 2240 sie
778 2179 906 2242 scribere
929 2179 1069 2242 debuisse
1092 2177 1190 2238 Sebo-

93 2268 216 2344 liastam
241 2296 322 2344 recte
350 2283 513 2364 perspexit.

170 2387 317 2468 Denique
355 2387 461 2450 erroris
492 2384 582 2470 plane
616 2381 740 2454 ridiculi
776 2406 878 2446 ausam
908 2382 991 2450 dedit
1018 2384 1190 2466 Harpocra-

91 2495 153 2554 tion
187 2493 230 2552 T.
253 2492 277 2552 Ι.
309 2514 339 2574 Ρ.
365 2495 417 2568 15,
439 2495 492 2560 25.
515 2490 561 2552 ed.
584 2489 668 2575 Lips.
695 2481 891 2551 Ἀναθίσθαι
920 2479 956 2546 δὲ
986 2471 1089 2569 ὥσπερ
1111 2508 1190 2550 πετ-

89 2583 146 2658 rdn
166 2583 226 2656 τὸν
246 2593 320 2676 βίον
351 2589 408 2654 οὐκ
431 2591 525 2655 ἔστιν.
555 2626 599 2638 -
626 2579 765 2655 Πλάτων
793 2588 827 2654 ἐν
852 2579 1011 2673 Ἱππάρχῳ
1039 2581 1061 2670 ἢ
1088 2585 1186 2656 Φιλο-

88 2695 205 2782 sepiat.
238 2699 379 2781 Toupius
408 2697 558 2760 Emendd.
588 2698 621 2759 in
641 2696 727 2758 Suid.
758 2696 797 2756 T.
814 2695 870 2758 lv.
899 2717 930 2778 p.
954 2695 1030 2766 los.
1060 2698 1187 2758 miretur

88 2807 244 2866 neminem
265 2803 380 2864 vidisse
400 2802 476 2862 haec
495 2800 627 2864 Platonis
649 2799 762 2860 Comici
792 2821 857 2859 esse
878 2812 910 2860 et
939 2800 1088 2866 senarium
1123 2820 1188 2860 esse

87 2909 357 2970 rotundissimum:
394 2897 460 2966 Οὔκ
481 2897 605 2965 ἔστιδ’
629 2888 732 2984 ὥσπερ
752 2889 869 2962 nescir
893 2893 1081 2963 ἄναθέσθαν
1100 2902 1187 2990 βίον.

87 3017 181 3075 Hunc
203 3014 298 3098 igitur
312 3010 400 3070 latuit
415 3011 568 3071 veteiibus
583 3007 715 3068 Platonis
735 3005 910 3088 philosophi
932 3005 1083 3086 dialogum
1104 3007 1187 3087 Hip-

85 3120 236 3201 parchum
280 3099 475 3197 Φιλοκερδὴς
512 3113 634 3175 nomine
662 3109 797 3172 laudari:
839 3109 871 3170 in
908 3129 968 3191 quo
1005 3107 1057 3169 illu
1094 3109 1187 3170 verbe

85 3235 203 3286 extant.

173 3376 269 3458 Peg.
300 3381 353 3438 20.
390 3365 507 3456 Ἆροῦν.
545 3375 683 3434 Formam
708 3363 856 3452 ἀροτριᾶν
882 3370 943 3430 iam
972 3367 1052 3450 spud
1080 3365 1186 3430 Theo-

84 3485 246 3566 phrastum
268 3497 428 3561 apparere,
459 3479 511 3539 sed
536 3475 629 3538 semel
648 3488 781 3552 tantum,
816 3486 850 3534 ut
870 3473 956 3553 qussi
981 3471 1083 3534 furtim
1103 3469 1186 3534 illata

83 3587 246 3657 videatur,
287 3595 392 3664 postea
416 3580 580 3664 paullispeg
609 3580 786 3656 insuevisse,
831 3577 919 3638 docet
947 3575 1119 3638 Lobeolsiue
1148 3573 1186 3636 ad

82 3695 200 3772 Phryn.
223 3709 259 3772 p·
282 3684 353 3750 254.
376 3705 420 3766 sq.
441 3679 538 3766 ἀροῦν
559 3685 650 3745 babet
668 3684 756 3744 etiam
778 3679 936 3762 Aristoph.
958 3680 1037 3744 l'lut.
1057 3703 1091 3746 v.
1106 3681 1183 3744 525.

81 3794 234 3878 Xenoph,
254 3791 371 3859 Oecon,
399 3793 430 3868 4,
456 3793 510 3854 15.
541 3793 592 3866 16,
614 3795 665 3854 11.
710 3789 950 3852 Tertesmonis.

171 3949 262 4031 Pag·
282 3951 338 4014 21.
376 3935 438 4008 ’Asi
458 3939 529 4008 νῶν.
561 3945 721 4025 Praecepta
742 3941 886 4004 Moeridis
908 3940 1052 4028 degvooc.
1077 3933 1184 4020 Ἀροῦν

82 4071 112 4118 et
126 4047 257 4114 ’Δείνων
277 4052 309 4112 in
333 4050 408 4115 cot.
430 4047 524 4111 Coisl.
551 4069 606 4131 per
635 4067 765 4110 errorem
793 4045 905 4110 librarii
935 4045 1057 4128 totidem
1081 4040 1183 4104 verbis

80 4159 213 4242 repetita
242 4169 315 4220 eunt
341 4167 411 4238 post
434 4148 670 4237 Ἀνρατίστερον
698 4164 756 4214 ete.
794 4146 840 4236 (Ρ.
862 4146 940 4233 23.).
982 4147 1080 4210 Priori
1115 4144 1183 4206 loco

81 4253 204 4328 λενᾶων
227 4260 300 4346 (pru
323 4251 435 4324 ἀέναον
455 4253 583 4344 Piera),
612 4255 769 4342 posteriori
788 4245 843 4316 ἄεν
862 4241 940 4328 dut,
969 4252 1065 4335 spatio
1086 4269 1182 4315 vacuo
