2844 4946
286 176 300 210 l

245 322 375 380 111ss

246 471 443 540 Contulerant
463 471 546 536 huno
566 471 702 538 libellum
725 495 795 538 oum
816 473 883 538 MS.
902 474 999 560 Regio
1022 473 1177 538 Sallieriue
1200 487 1231 536 et
1247 474 1336 538 Stoe-
1418 523 1419 526 η

244 585 354 658 beros,
374 589 461 640 notes
480 593 600 661 'qnoque
621 579 784 642 nonnullae
804 579 952 642 adiecerat
972 577 1143 642 Sellierius:
1172 601 1248 661 quae
1269 601 1338 642 om-

245 688 297 752 nia
318 706 336 745 e
355 683 499 758 Stoebero
528 683 566 744 ad
586 683 801 746 Ruhnkeninm
824 685 915 746 ruisse
936 685 1001 746 eius
1023 684 1207 745 humanitate
1228 683 1265 744 ad
1290 680 1339 744 rne

244 800 458 876 pervenerunt.
500 785 608 849 Postea
628 787 674 850 Gl.
696 789 897 850 Ruhnkenius
918 787 1000 849 huno
1019 785 1157 850 libellum
1177 808 1247 848 oum
1267 787 1338 850 MS.

245 893 341 977 Regio
363 895 462 954 2662.
493 911 583 971 quem
603 893 664 954 viri
685 891 794 954 eruditi
813 890 874 954 non
896 893 1110 975 inspexerant,
1131 891 1342 975 amputavit.

244 997 367 1062 Horum
394 995 553 1058 MStorurn
582 1017 641 1080 ope
667 995 868 1081 fragmentum
889 996 948 1057 hoo
981 995 1085 1058 multis
1114 994 1341 1058 loenensiu-

245 1101 341 1167 latum
371 1110 403 1159 et
431 1099 517 1159 tertie
546 1099 609 1160 iere
639 1113 723 1182 parte
753 1113 874 1162 anctum
894 1097 1007 1183 prodit.
1051 1099 1219 1178 Nunnesii,
1252 1100 1341 1162 Hoe-

159 1200 164 1212 '
249 1203 357 1268 sehelii
380 1214 412 1262 et
431 1200 550 1263 Psuwii
572 1217 668 1283 notas,
689 1225 759 1266 cnm
776 1203 896 1266 Pauwii
917 1203 1009 1266 editio
1022 1187 1061 1264 vin
1084 1205 1219 1264 omniurn
1241 1203 1342 1264 mani-

180 1376 182 1382 s
247 1329 302 1371 ens
323 1317 481 1382 versetur,
502 1307 677 1385 omisimus,
699 1307 820 1370 Sellieri
841 1309 1011 1392 nostrisque
1033 1306 1342 1370 animadversionibus

246 1411 381 1477 adiectis.
424 1411 579 1472 Hactenus
601 1411 640 1472 de
662 1411 846 1474 Herodiano.
1017 1477 1023 1498 ,

333 1513 441 1577 Adieei
463 1513 548 1596 operi
567 1535 621 1578 sex
640 1515 759 1577 Indices
788 1516 989 1594 necessarios3
1021 1515 1153 1597 primunr
1173 1511 1343 1576 Auctorem

246 1643 266 1682 a
286 1617 424 1680 Moeride
447 1617 625 1680 citatorum:
666 1619 834 1680 secundum
862 1641 984 1697 eorum,
1028 1619 1081 1699 qui
1108 1620 1146 1679 eb
1167 1619 1343 1680 Herodiano
1418 1691 1419 1702 χ

246 1721 427 1786 laudenturt
459 1721 582 1781 tertium
604 1724 741 1784 omnium
761 1723 824 1784 fere
845 1744 957 1785 vocum
977 1736 1043 1785 tum
1063 1720 1247 1799 tinearum,
1276 1735 1346 1783 tum

243 1817 457 1905 Ἦληνικῶν,
486 1845 563 1904 quae
590 1825 623 1884 in
644 1825 782 1906 Moeride
804 1841 982 1890 occurrunt:
1014 1837 1153 1908 quartum
1173 1825 1346 1888 vocabulo-
1418 1839 1419 1842 ’

20 1931 25 1938 ’
127 1973 129 1977 ,
247 1950 316 1993 rum
339 1930 376 1988 ab
400 1927 576 1988 Herodiano
598 1929 826 2012 explicitomm:
862 1933 1002 2014 quintum
1024 1943 1179 1992 auctorum
1206 1929 1239 1990 in
1261 1931 1348 1992 notis

248 2033 484 2112 illustratorum,
517 2031 746 2114 expliciturum,
775 2035 1018 2128 ernendatorumt
1062 2047 1183 2096 sextum
1212 2033 1350 2118 denique

247 2157 350 2201 rernm
372 2147 403 2195 et
423 2136 605 2214 verborum,
635 2139 767 2217 quaein
789 2141 870 2201 notis
892 2139 1090 2222 explicentur.

335 2239 437 2319 Atque
457 2239 500 2299 ita
522 2259 644 2300 omnem
671 2263 771 2303 meam
789 2244 824 2304 in
845 2241 984 2304 Moeride
1005 2257 1037 2304 ot
1056 2239 1229 2304 Herodiano
1251 2239 1352 2308 ador-
1418 2303 1419 2308 ,

247 2343 357 2410 nendis
378 2343 526 2404 rationem
547 2343 715 2408 declaravi:
746 2365 838 2427 quant
859 2348 888 2410 ei
908 2347 1033 2409 eruditis
1052 2349 1240 2430 probavero,
1269 2352 1355 2416 satis
1418 2411 1419 2416 ,

248 2468 394 2536 magnum
414 2444 536 2512 molesti
556 2446 669 2514 laboris
696 2452 864 2536 praemium
882 2450 959 2514 nihi
983 2450 1120 2517 retulisse
1140 2449 1278 2519 videbor.
