2844 4946
226 291 382 360 xxxviii

227 457 302 532 rim,
332 457 378 517 tui
399 453 584 536 aliorumque
606 454 652 516 rui
677 451 822 515 similium
843 461 908 512 esto
928 447 1085 512 iudicium.
1130 443 1243 510 Omnia
1271 467 1319 508 rua

227 579 347 622 aarum
368 573 399 622 et
421 557 594 621 emendasse
615 575 677 618 uon
698 557 860 642 profiteor,
880 551 1027 618 nonnulla
1047 567 1168 630 tamen,
1189 572 1247 612 neo
1266 551 1317 610 in-

227 661 371 742 feliciter,
403 684 474 746 prae
493 683 543 726 rue
564 662 648 741 lero;
682 681 782 742 neque
803 660 862 722 hoo
884 670 1055 743 arroganter
1075 655 1190 718 dietum
1212 653 1320 718 existi-

228 767 340 846 mabit,
373 779 425 828 aut
447 767 523 828 milri
543 763 702 850 gloriolam
722 765 812 826 istam
840 763 992 826 invidebit
1013 783 1127 842 aequus
1146 781 1247 822 rerum
1268 779 1321 818 ae-

227 871 373 932 stimator.
416 871 542 947 Verum,
563 869 602 932 de
622 871 667 930 rei
688 867 824 930 tantillae
845 880 959 932 eventu
979 887 1087 949 parum
1109 863 1264 942 solicitus,
1291 873 1322 922 te

227 971 349 1058 prolixa
368 975 520 1037 rationum
541 974 683 1058 ambage,
705 972 778 1034 dum
798 963 854 1034 ubi
876 971 946 1034 satis
965 971 1076 1034 iustam
1098 969 1324 1031 exeusationem

229 1077 370 1158 afferam,
401 1099 462 1140 non
481 1079 632 1150 morabor.
677 1077 809 1140 Necesse
836 1089 938 1138 tamen
959 1074 1056 1136 habeo
1077 1073 1138 1136 hoo
1163 1085 1196 1133 te
1216 1071 1324 1132 admo-

228 1201 319 1258 uere3
358 1179 441 1262 quod
462 1183 635 1262 ubieunque
658 1181 842 1242 coniecturas
871 1200 971 1258 meas,
1000 1177 1040 1239 ad
1061 1190 1200 1262 corrupta
1221 1195 1326 1237 emen-

230 1283 329 1344 danda
349 1289 402 1346 a'nt
423 1285 462 1346 ad
483 1285 687 1368 supplendum
709 1284 792 1366 quod
815 1284 963 1346 excidisse
982 1284 1151 1367 suspicatus
1173 1301 1260 1357 eum,
1292 1277 1326 1338 iu

230 1400 347 1448 textum
369 1390 486 1472 recepi,
521 1387 642 1452 Codicis
662 1387 730 1454 MS.
752 1389 847 1450 verba
868 1386 996 1448 fideliter
1024 1387 1063 1446 ad
1082 1389 1177 1446 imum
1200 1381 1325 1466 paginae

231 1492 410 1554 subieceriur
439 1505 470 1554 et
498 1491 763 1574 interpolationes,
808 1513 847 1550 ne
873 1487 980 1552 lectori
1008 1489 1082 1570 quid
1110 1485 1209 1548 fraudi
1238 1498 1325 1562 esset,

230 1594 318 1656 uncis
339 1593 472 1658 inclusas
494 1595 648 1657 dederim:
670 1594 752 1678 quod
772 1596 825 1656 aba
846 1606 887 1672 te,
909 1594 936 1654 ei
953 1591 1046 1675 paulo
1061 1589 1212 1652 diffieilior
1233 1609 1326 1665 esses,

173 1751 176 1758 .
230 1699 390 1780 probatum
410 1700 468 1775 iri',
496 1698 635 1758 mihimet
656 1695 839 1779 persuade03
880 1709 967 1758 utet
994 1694 1074 1758 illud
1096 1695 1204 1770 eham,
1234 1687 1327 1776 quod,

232 1823 326 1882 quum
346 1803 380 1862 in
401 1799 550 1881 aliquibus
572 1801 728 1884 mihiipsi
750 1821 812 1862 nou
832 1800 1045 1878 satisfecerim,
1075 1819 1172 1861 novas
1193 1797 1232 1858 de
1252 1795 1328 1857 loeis

232 1903 311 1966 male
333 1905 448 1968 affertis
469 1905 664 1988 rogitationee
691 1917 762 1985 post
779 1896 1118 1983 ΛέξεωνἛΠκηνικῶν
1148 1914 1179 1962 et
1210 1901 1330 1962 Aucto-

232 2029 300 2069 rum
335 2007 451 2070 iudices
483 2029 655 2092 comparere
685 2005 846 2070 voluerim.
889 2008 954 2068 lam
982 2007 1021 2068 ad
1048 2006 1205 2068 Attioietae
1233 2003 1333 2066 nostri

232 2125 361 2174 aetatem
382 2112 466 2193 quod
490 2113 598 2174 attinet
628 2109 715 2196 (narn
735 2110 832 2172 deea
853 2111 955 2174 lorseu
975 2109 1091 2194 aliquid
1112 2110 1188 2172 scire
1207 2107 1332 2169 deeida-

232 2213 315 2301 res),
345 2217 470 2278 unicum
490 2216 550 2278 hoo
573 2215 660 2278 oertie
683 2216 854 2278 auctoribus
876 2215 1046 2298 comperio,
1083 2213 1166 2296 quod
1185 2209 1333 2274 Photinus

233 2333 370 2404 tempore
392 2321 584 2382 antecesserit
605 2333 636 2380 et
655 2319 829 2400 Phrynicho
849 2318 941 2382 fuerit
960 2321 1124 2382 recentior:
1157 2339 1228 2378 nam
1248 2317 1335 2407 huno

233 2423 337 2486 landet
367 2436 397 2484 et
425 2425 462 2486 ab
491 2423 545 2486 illo
575 2422 733 2486 laudetur:
777 2445 905 2505 quorum
934 2422 1009 2486 alter
1038 2425 1095 2486 sub
1116 2421 1270 2484 Antonino
1301 2399 1334 2482 et

234 2527 432 2590 Commodo'
422 2549 519 2610 impp.
550 2529 671 2605 floruit,
715 2526 789 2588 alter
821 2548 903 2589 nono
933 2527 1055 2590 demum
1086 2525 1205 2590 eaeoulo
1234 2523 1335 2586 inlula

233 2631 395 2714 insignitus
417 2643 472 2692 est.
517 2631 680 2710 Laxum,
670 2632 800 2712 inquies,
822 2633 963 2715 spatium.
1008 2631 1128 2694 Cestius
1148 2645 1250 2693 tamen
1227 2597 1336 2690 ali-

234 2736 308 2816 quid
328 2735 464 2818 magisve
486 2734 642 2799 delinitum
665 2735 799 2817 prolerre
827 2755 889 2796 non
911 2735 1009 2798 datur.
1051 2735 1139 2798 Adeo
1160 2737 1260 2813 enirn,
1292 2735 1336 2796 ob

233 2841 414 2920 scriptorum
441 2851 583 2922 veterum¹
599 2840 756 2922 penuriam
777 2839 809 2898 iu
833 2839 961 2901 obscuro
980 2853 1026 2902 est
1045 2839 1136 2902 illius
1150 2839 1274 2916 notitia,
1297 2851 1337 2900 ut

106 2959 109 2964 '
234 2941 286 3004 vel
308 2941 346 3002 de
367 2944 491 3004 nomine
520 2943 585 3006 eius
605 2943 685 3004 inter
707 2943 842 3004 eruditos
863 2965 972 3025 parum
993 2947 1170 3008 convniate
1204 2965 1339 3026 quorum

236 3045 302 3110 aliie
324 3061 393 3108 num
415 3047 484 3112 MS.
507 3060 609 3109 nostro
632 3047 828 3110 Eumoerides
857 3061 921 3126 est,
963 3045 1031 3110 ahie
1058 3069 1132 3110 vero
1154 3047 1269 3109 Moeris
1294 3067 1338 3107 ex

235 3151 353 3213 Photio.
390 3150 577 3213 Postremum
596 3151 676 3212 hano
696 3149 929 3234 appellationem
950 3173 987 3214 eo
1007 3150 1151 3214 libentius
1174 3149 1338 3234 amplexus

235 3276 313 3332 snm,
336 3255 418 3336 quod
439 3275 496 3338 pro
519 3275 554 3314 aa
574 3255 664 3316 faeiat
683 3257 821 3318 virorum
842 3253 1041 3317 maximorum
1062 3239 1245 3334 auotoritas,
1266 3253 1338 3318 Us-'

235 3361 306 3421 serii
327 3357 453 3436 seilicet,
475 3356 624 3440 Saluraeii,
642 3357 832 3443 Du-Gangii
853 3373 885 3422 et
905 3359 1057 3444 Menagii3
1075 3361 1128 3442 qni
1149 3383 1211 3424 uon
1232 3357 1339 3422 solum

235 3460 373 3524 libellum
394 3463 477 3524 huno
496 3459 592 3525 oculis
613 3476 812 3545 usurparunt,
856 3463 911 3525 sed
938 3477 969 3526 et
987 3463 1026 3526 ad
1055 3463 1156 3528 literas
1178 3464 1337 3548 augendae

236 3565 487 3648 illustraudesque
517 3587 556 3628 ex
585 3587 621 3652 eo
643 3565 788 3628 nonnulla
809 3566 1009 3650 protulerunt.
1054 3567 1156 3650 Atque
1185 3569 1337 3630 haetenus

237 3670 276 3732 de
297 3667 450 3732 Moeridet
474 3671 534 3748 oui,
557 3684 592 3732 ut
612 3671 780 3732 Euchiridii
801 3671 908 3734 saltem
930 3693 1102 3735 mensuram
1124 3673 1337 3754 quadantenus

236 3771 394 3857 impleret,
440 3773 602 3858 adiungere
638 3778 770 3858 primunr
808 3777 1000 3838 decreveram
1024 3763 1179 3858 Ἐκλογᾶς
1208 3769 1340 3851 λέξεων,

238 3899 366 3960 quarum
387 3877 505 3960 copiam
536 3875 719 3942 uberrimam
749 3895 869 3944 nostrae
899 3881 1093 3964 suppeditant
1112 3880 1343 3944 Bibliothecaee

238 3982 301 4044 Sed
320 4003 414 4062 quum
436 4003 486 4044 aas
507 3983 541 4044 in
561 3983 715 4067 plerisque
733 4007 805 4046 oum
826 3985 1001 4068 Hesychio‚
1034 3985 1130 4048 Suide
1151 3998 1182 4047 et
1203 3985 1342 4064 Erymo-

238 4085 336 4170 logieo
366 4107 476 4170 magno
503 4091 671 4150 consentire
698 4091 964 4174 deprehenderim
1007 4089 1106 4174 iisque
1144 4087 1342 4153 ooulereudis

240 4191 469 4274 digerendisqne
489 4189 559 4276 plue
581 4195 726 4276 temporis
748 4197 928 4279 exigeretur,
950 4217 1037 4276 quam
1061 4195 1137 4256 mihi
1158 4215 1198 4254 ex
1212 4193 1345 4278 gravio-

241 4295 325 4358 ribus
345 4297 475 4381 negotiie
496 4310 660 4384 supererat,
681 4297 754 4377 illie,
776 4301 886 4382 quibus
908 4299 1003 4363 otium
1024 4313 1069 4363 est
1091 4321 1160 4360 cnm
1182 4277 1360 4382 dignitate,
