2844 4946
1100 333 1236 388 nuru

230 449 317 537 Peg.
338 459 394 519 26.
434 445 708 525 Ἀποντενννῦναν.
730 457 789 520 Pro
803 449 1024 526 dnonumim
1038 459 1135 534 codd.
1147 463 1236 526 Cois-

138 553 200 620 lin.
223 571 256 618 et
276 559 389 643 Regius
410 561 492 642 apud
516 561 726 646 Tengrtroeur.
748 564 892 628 exhibent
911 557 1117 632 ἀποκτείνειν.
1144 567 1237 632 Cate-

139 683 212 722 rum
243 663 280 724 of.
308 665 461 726 Schaeleri
484 663 596 748 Appar.
625 668 657 728 in
685 669 845 734 Demosth.
866 671 910 732 Τ.
931 669 985 732 IV.
1007 693 1038 754 p.
1062 676 1115 738 37.
1153 671 1236 734 Her-

138 769 248 828 manni
268 767 366 833 Prael.
388 769 427 830 ad
448 770 544 854 Soph.
566 771 669 858 Antig.
691 795 723 858 p.
745 775 858 840 xxtss·
889 773 938 838 ad.
961 787 1030 842 tart.

231 921 330 984 ibid.
366 903 555 1004 Ἀνοητίαν.
584 927 635 988 sio
657 941 688 988 et
715 929 747 988 in
771 927 846 992 cod.
868 927 965 994 Coisl.
991 941 1023 990 et
1042 929 1137 1014 Regio
1160 929 1261 1008 clare,

140 1040 301 1090 exaratum
323 1041 442 1090 auctore
461 1029 702 1112 Tergetroemio,
723 1053 783 1095 non
801 1025 989 1113 ’Aropriar,
1009 1035 1056 1095 uti
1075 1033 1237 1100 Piaraonue

140 1131 246 1200 refert.
276 1131 323 1196 Cf.
346 1135 436 1194 etiam
456 1133 587 1195 Loheclr.
609 1136 648 1196 ad
669 1137 783 1218 Phryn.
803 1161 835 1221 p.
859 1143 934 1202 506.

231 1284 317 1370 Pag,
341 1289 394 1354 27.
434 1276 622 1368 Ἀνὰθημα.
645 1289 762 1352 Turbat
781 1292 855 1354 haee
877 1293 1007 1352 Zonaras
1028 1291 1070 1354 T.
1080 1293 1106 1356 1.
1123 1299 1237 1358 erte.

141 1389 313 1455 Loheolrius
323 1391 360 1452 ad
369 1391 483 1472 Phryn.
492 1413 523 1478 p.
534 1393 613 1456 249.
628 1391 754 1454 formam
768 1397 912 1456 citerioris
920 1393 1096 1458 Graecitatis
1113 1388 1238 1458 ἀνάθε-

139 1514 186 1570 pao
206 1515 269 1554 non
291 1517 353 1556 uno
373 1494 525 1564 illustrans
548 1497 689 1580 exemplo
711 1499 790 1581 apud
804 1499 997 1562 Plutarchum
1016 1511 1115 1564 tamen
1131 1495 1238 1584 Pelop.

142 1619 207 1680 cap.
225 1604 278 1662 25.
303 1601 412 1660 mutari
441 1599 558 1662 mavult
582 1603 615 1662 in
645 1589 811 1682 ἀνάθημα.
851 1603 903 1664 Ad
925 1604 1000 1666 haec
1028 1623 1102 1664 vero
1122 1603 1238 1664 Sohae-

141 1701 228 1786 ferun
245 1703 279 1764 in
300 1703 486 1768 Animadvv.
507 1703 577 1766 Vol.
599 1707 638 1771 V.
654 1691 693 1790 ιΙ).
713 1713 764 1768 11.
806 1707 925 1786 „Sane‚
957 1719 1075 1790 crepat,
1105 1707 1238 1792 magistri

139 1805 253 1868 docent
274 1797 406 1886 ἇντινῶς
427 1809 489 1874 diei
509 1798 673 1890 ἀνάθημα,
696 1803 863 1891 {iterante
880 1798 1038 1890 ἀνάθεμα.
1081 1811 1143 1873 sed
1165 1833 1236 1896 gea-

139 1911 286 1972 vissiruue
309 1913 452 1995 scriptor,
496 1915 523 1974 ai
549 1914 622 1976 horo
650 1915 767 1979 decreta
792 1914 923 2002 legeret,
966 1915 1096 1976 suaviter
1125 1915 1236 1978 rideret

138 2015 290 2096 quidquid
313 2029 359 2082 ert
380 2017 622 2086 Atticistarunr.“

227 2167 328 2232 lbid.
366 2161 532 2248 Ἀπεῖπα,
549 2164 640 2233 ’Am
660 2161 814 2248 ἅπνῒπον,
830 2163 875 2232 Ἑ.
908 2169 996 2234 Nihil
1014 2170 1140 2234 fortasse
1166 2193 1236 2234 mu-

139 2273 280 2338 tandum·
324 2273 437 2336 horiati
458 2275 586 2336 {onnam
615 2275 748 2336 lonioam
777 2267 868 2346 εἶπα,
898 2288 1003 2356 portee
1023 2275 1236 2340 Alexandrinis

142 2377 360 2458 frequentatam
388 2374 443 2462 (el.
466 2378 609 2442 Greunari
633 2377 844 2442 Commentatt.
874 2377 1034 2439 Herodott.
1058 2379 1082 2438 1.
1112 2401 1143 2460 p.
1168 2377 1235 2464 81.)

140 2483 252 2547 Atticia
269 2483 464 2566 scriptoribus
484 2505 545 2546 non
567 2481 756 2566 dieplicuiese
778 2481 911 2543 ortandit
925 2481 1076 2544 Schaeler.
1100 2483 1138 2544 ad
1155 2483 1236 2546 Dio-

139 2609 209 2669 nys.
231 2587 335 2653 Helie.
357 2587 396 2648 de
418 2587 559 2670 Compos.
582 2589 698 2651 Verbb.
718 2609 749 2670 p.
769 2588 843 2648 436.
874 2578 966 2656 εἶπας
984 2585 1127 2667 Ansohyl.
1149 2588 1234 2672 Sept.

140 2715 167 2754 c.
190 2692 292 2753 Theb.
315 2713 347 2760 v.
369 2697 446 2756 808.
482 2691 569 2760 Pers.
591 2711 624 2756 v.
647 2697 723 2754 298.
748 2693 827 2754 795.
855 2689 961 2773 Agom.
984 2713 1019 2755 v.
1043 2692 1117 2754 924.
1158 2691 1235 2754 nri-

141 2795 243 2877 rtoph.
268 2796 386 2860 Eoolen.
405 2817 437 2858 v.
456 2802 529 2860 538.
552 2797 681 2859 tharn·
699 2816 733 2858 v.
752 2799 829 2858 587.
845 2793 900 2862 uhi
922 2793 1091 2858 Brunelrino
1114 2795 1237 2856 dederet

143 2892 229 2970 εἶπες
251 2899 310 2979 (cf.
327 2901 463 2966 eundem
483 2902 520 2962 ad
543 2900 730 2982 Thermoph.
742 2921 783 2960 xv.
806 2897 896 2984 748.)
925 2905 1099 2982 προσεῖπας
1118 2900 1156 2958 in·
1172 2899 1254 2960 lra-·

141 3017 264 3086 gmeuto
290 3005 408 3068 Comici
445 3027 478 3070 v.
508 3005 640 3088 Χαίρειν
677 3000 724 3090 (p.
746 3003 837 3083 379.)
872 3009 1026 3082 προεῖπας
1060 3002 1236 3084 Xenophon

142 3107 259 3191 Cyrop.
279 3109 322 3178 ll.
343 3115 376 3186 2,
400 3113 455 3172 19.
499 3101 574 3170 εἶπα
602 3107 762 3172 Philemon
791 3129 839 3190 ap.
870 3101 998 3170 Belrlrer·
1028 3129 1059 3188 p.
1082 3107 1157 3184 476,
1184 3110 1238 3167 17.

141 3217 299 3288 npooetrro
320 3213 428 3296 Eurip.
450 3211 535 3295 Cyol.
564 3235 596 3274 v.
619 3219 693 3277 101.
738 3213 786 3274 De
818 3211 991 3294 imperativi
1018 3211 1113 3272 imme
1144 3195 1237 3272 εἰπὸν
1289 3257 1291 3263 .

143 3317 182 3382 cf.
216 3317 393 3381 Sohoeider.
421 3317 460 3379 ad
489 3318 636 3401 Xenoph.
663 3317 791 3380 Memor.
822 3317 874 3378 lll.
899 3320 930 3392 6,
953 3316 988 3381 4.
1030 3311 1164 3378 Lobeck.
1198 3311 1239 3374 ad

142 3419 257 3500 Phryn.
278 3445 311 3503 p.
336 3425 411 3489 348.
455 3425 532 3484 Eam
560 3422 718 3505 Aristoph.
739 3419 822 3486 Eool.
852 3442 886 3484 v.
909 3423 985 3484 256.
1012 3417 1238 3484 adsciscerem

141 3539 230 3608 urget
251 3525 437 3588 Diodorfiue·
456 3527 493 3592 ed
514 3528 545 3589 h.
574 3547 656 3590 vere.
687 3528 923 3588 Trroernoru.
961 3522 1044 3586 666.
1067 3524 1171 3602 Etym.
1193 3521 1239 3587 Μ.

141 3653 175 3712 p.
199 3637 274 3707 302,
296 3635 349 3694 26.
384 3632 508 3694 Fischer
530 3631 568 3692 ad
589 3630 719 3696 Weller.
744 3631 784 3691 T.
806 3629 859 3690 lll.
880 3628 916 3693 P.
936 3627 962 3692 l.
983 3650 1015 3710 p.
1039 3632 1094 3698 89.
1132 3627 1238 3688 Stura·

142 3734 181 3794 de
205 3733 284 3797 Dial.
303 3735 421 3799 Maced.
444 3759 474 3818 p.
498 3740 551 3798 63.
582 3734 715 3800 Boaolrh.
738 3734 776 3794 ad
798 3733 884 3796 Pind.
904 3732 955 3794 Ol.
977 3732 1030 3793 Vl.
1053 3737 1105 3798 92.
1131 3731 1238 3791 leoobe

140 3838 181 3898 ad
209 3839 333 3904 Anthol.
362 3839 429 3906 Pal.
459 3863 490 3923 p.
514 3845 565 3901 62.
607 3841 807 3902 Bornernann.
843 3837 880 3904 ad
914 3837 1057 3921 Xenoph.
1093 3836 1237 3919 Sympoe.

140 3965 208 4026 nep.
232 3945 262 4007 4.
292 3944 317 4026 6.
340 3947 393 4007 66.
423 3967 454 4027 p.
476 3946 548 4008 148.
587 3943 637 4007 De
664 3943 847 4024 imperativo
877 3931 968 4004 εἰπὸν
993 3945 1169 4008 Buttmann.
1190 3943 1242 4020 in

141 4049 222 4116 Exo.
243 4044 266 4106 l.
288 4048 327 4117 ad
346 4049 423 4112 Plat.
444 4049 569 4110 Menon.
588 4071 620 4132 p.
639 4055 690 4110 70.
706 4069 772 4128 sqq.
793 4049 961 4112 Hermann.
983 4049 1022 4110 ad
1043 4047 1149 4132 Eurip.
1171 4045 1239 4111 lon.

140 4175 175 4216 v.
198 4153 272 4219 345.
294 4177 325 4238 p.
348 4159 405 4218 32.
426 4149 544 4214 Sohael.
565 4154 597 4214 in
620 4153 779 4220 Demosth·
812 4154 852 4216 Τ.
875 4153 916 4218 ll.
939 4175 969 4236 p.
994 4153 1070 4213 476.

228 4307 328 4374 lbid.
368 4293 599 4388 Ἀνυπόὸητος.
639 4307 679 4374 V.
698 4305 830 4370 Loheolo
853 4307 890 4368 ad
915 4305 1027 4386 Phryn.
1048 4325 1079 4386 p·
1102 4300 1179 4372 445.
