2844 4946
333 713 999 854 excarpsum?
1106 711 1110 732 ’

34 987 35 996 ³
87 910 159 986 Ex
195 908 608 990 PRAEFATIONE
643 915 757 992 1011
799 917 877 994 FR.
913 916 1177 996 FISGHERI

261 1049 322 1111 on
358 1049 383 1110 1,
412 1051 448 1112 s.
479 1051 786 1118 Hausluunauru
821 1053 1004 1120 scauro.

543 1237 746 1258 m

86 1352 202 1453 Atque
223 1393 336 1435 nomen
363 1374 484 1456 quidem
513 1396 624 1452 verum
658 1377 787 1440 auctoris
814 1375 906 1439 buius
934 1373 1095 1462 Συλλογῇς
1116 1401 1178 1449 non

87 1477 267 1556 domueris,
297 1501 395 1560 neque
423 1481 623 1542 Eumoerides
653 1502 735 1558 esse,
771 1481 826 1544 sed
854 1481 985 1564 Moeris,
1012 1484 1180 1548 Hudsonus

86 1581 141 1640 ianr
164 1595 251 1642 recte
271 1583 360 1649 vidit.
403 1583 541 1665 Namque
563 1586 606 1646 sic
628 1605 689 1646 non
710 1574 810 1646 iotam
832 1609 850 1646 a
867 1585 976 1649 Pbotio
997 1591 1180 1667 nominatur,

87 1686 134 1744 sed
157 1686 192 1746 in
210 1685 317 1748 multis
339 1688 428 1748 etiam
453 1688 538 1749 libris
565 1689 702 1770 scriptis,
730 1693 873 1770 tanquam
894 1685 1053 1774 Regio*),
1081 1705 1111 1754 et
1133 1714 1181 1772 eu,

86 1791 134 1867 qni
157 1791 193 1848 in
215 1789 400 1852 bibliotheca
421 1789 614 1866 Cauliniana,
637 1815 717 1853 nnnc
738 1793 997 1876 sangermanensi,
1021 1807 1076 1856 est.
1113 1799 1180 1858 Eu·
1254 1799 1256 1806 '

88 1893 230 1954 moeridis
259 1897 382 1956 nomine
411 1917 482 1957 eum
510 1895 613 1957 laudat
640 1895 843 1978 spanhemius
879 1895 918 1958 ad
945 1895 1182 1982 Aristophanem

87 1997 216 2076 passim,
249 2011 279 2058 et
302 1997 490 2076 Colomesio,
522 1999 642 2061 Codicis
662 1999 907 2064 vindobonensis
929 1999 1182 2088 auctoritatafl),

88 2101 285 2164 Eumoerides
308 2103 425 2172 dicitur.
470 2103 532 2164 Sed
562 2102 708 2183 syllabam
741 2101 804 2162 Er
828 2106 949 2164 initium
978 2109 1183 2186 praenominis

89 2207 259 2288 suspicabar
281 2228 363 2283 esse,
395 2207 597 2288 quodcunque
618 2207 741 2267 taudem
761 2207 844 2268 istud
865 2207 971 2282 suerit,
993 2205 1184 2272 librariorum

87 2310 203 2370 inscitia
222 2311 285 2392 ipsi
306 2313 423 2374 nomini
452 2311 598 2372 additam:
629 2312 661 2370 in
692 2309 798 2392 primis
828 2308 1027 2390 quodnemo
1054 2311 1096 2372 ita
1126 2335 1184 2396 ap·

87 2411 214 2493 pellatns
245 2435 373 2494 usquam
400 2415 433 2474 in
463 2415 667 2477 monumentis
694 2414 832 2494 antiquis¹
854 2415 1053 2496 reperiretur,
1088 2437 1183 2498 quum

86 2515 234 2579 Moeridis
257 2539 368 2580 nomen
399 2515 504 2579 multis
530 2517 602 2580 olim
634 2539 794 2579 commune
824 2517 917 2578 luisse
942 2531 1113 2604 constaret:
1150 2523 1183 2582 in

88 2624 215 2700 quibus,
257 2635 376 2704 praeter
407 2623 647 2702 antiquissimum
678 2621 810 2704 Aegypti
842 2641 960 2704 regem,
1002 2623 1183 2708 virgiliique

119 2810 149 2880 ⁴)
164 2805 308 2861 mutanti
323 2803 465 2877 Μοίριδος
474 2801 643 2860 Ἀπικιστοῢ
660 2805 743 2867 λέξεις
757 2801 887 2858 Ἀττικῶν
902 2804 950 2858 sul
963 2797 1102 2873 Ἑλλήνων
1112 2801 1182 2862 nord

153 2895 301 2962 στοιχεῖον.
337 2893 374 2944 lta
394 2892 483 2944 laudat
502 2895 606 2944 titulum
624 2892 708 2944 libelli
725 2891 869 2962 Stepliaoua
889 2891 1029 2944 Monachus
1054 2897 1082 2946 iu
1099 2895 1182 2948 Variis

152 2977 252 3044 mnia,
280 2989 358 3030 etex
380 2995 412 3028 eo
428 2977 560 3030 Fabricius
578 2979 648 3030 bibl.
665 2977 715 3028 Gr.
731 2978 764 3030 V.
783 2976 827 3030 46.
844 2995 870 3046 p.
889 2977 949 3032 486.
984 2975 1037 3030 Sed
1061 2978 1182 3048 Congius,

152 3067 199 3134 qut
218 3063 315 3116 codiee
333 3063 384 3114 illo
404 3082 464 3116 usus
481 3075 521 3116 eat
539 3067 566 3114 iu
585 3061 717 3115 Glaesaria
736 3062 853 3128 Graeco,
884 3063 994 3114 indicem
1018 3063 1057 3113 eie
1079 3063 1183 3116 exbibet

151 3149 222 3219 [ind.
241 3151 328 3203 dnctt.
350 3169 378 3220 p.
389 3147 471 3220 sol:
488 3147 626 3220 Μοίριδος
638 3143 803 3202 bistesiaci
819 3147 902 3208 λέξεις
916 3143 1035 3200 Ἀττικοὶ
1056 3147 1104 3200 καὶ
1117 3141 1182 3200 ‘Ek'

153 3233 264 3301 luviani
280 3229 351 3288 κατὰ
369 3238 515 3304 στοιχεῖον.

114 3319 165 3388 *’)
186 3321 241 3372 liae
258 3320 320 3373 inde
337 3321 450 3390 colligo,
475 3321 535 3387 quia
553 3321 582 3372 ira
600 3319 671 3371 libro
686 3319 782 3386 scripto
800 3317 909 3388 Georgii
925 3317 1059 3384 flaminii,
1076 3333 1108 3370 ex
1126 3337 1180 3387 qno
1267 3335 1273 3344 ·

152 3403 236 3457 edidit
253 3407 319 3458 benc
336 3403 482 3474 Συλλογὴν
500 3406 555 3456 lob.
577 3405 728 3472 Endromis,
746 3405 842 3476 legitur
859 3401 1050 3476 Εὗμοιρίδου,
1067 3403 1100 3458 ab
1118 3403 1181 3460 1Ξύ-Ι

151 3490 289 3562 μοιρίδης.
321 3493 379 3544 Iam
394 3491 464 3543 liber
481 3492 528 3544 illa
545 3491 665 3543 Herbinii
684 3491 826 3558 descriptus
842 3501 898 3540 eret
922 3507 936 3540 e
955 3490 1026 3542 libro
1044 3491 1098 3542 lob·
1117 3491 1180 3544 Pri—

152 3579 223 3644 caet,
244 3595 299 3645 qno
323 3594 383 3628 neue
408 3588 448 3628 'aet
468 3579 524 3628 aine
550 3577 630 3628 dubio
656 3577 827 3628 Columeaiue.
863 3571 945 3626 Liber
971 3587 1055 3627 antero
1080 3573 1179 3628 Pricaai

153 3673 209 3712 erat
233 3663 412 3732 apographum
434 3661 537 3713 Codicis
563 3662 778 3714 vindobonensis.
816 3659 1001 3729 [confirmatur
1018 3659 1046 3711 id
1064 3663 1180 3714 eu'etori-

153 3757 205 3799 tate
229 3750 342 3812 linarii,
378 3765 489 3815 quocum
514 3751 744 3801 communicaverat
769 3747 888 3800 Pricaeus
918 3747 968 3798 boo
996 3747 1180 3816 apographum·

153 3831 214 3884 vid.
232 3835 286 3886 eiua
305 3833 496 3888 Animadversa.
514 3833 547 3886 ad
563 3835 647 3901 Epist.
665 3833 699 3886 ad
715 3833 904 3893 Autioebeuoe,
926 3847 991 3900 qnae
1007 3833 1086 3901 vulgo
1103 3833 1181 3902 lgna·-

154 3920 191 3970 tio
210 3921 351 3984 tribuitur,
377 3935 407 3988 p.
430 3920 488 3972 104.
522 3919 605 3971 Vocet
632 3921 669 3971 ibi
688 3937 747 3971 eum
763 3932 790 3970 et
811 3937 840 3989 p.
861 3917 936 3984 115„
963 3931 992 3970 ut
1009 3915 1179 3984 Columesios,

152 4003 345 4058 Enmoeridem·
373 4021 409 4058 ux
440 4005 582 4074 mosum]
616 4006 673 4058 Hoc
696 4007 824 4074 ignorarit
846 4003 986 4056 Fabricius·
1019 4003 1087 4056 Nam
1110 4003 1180 4056 Bibl.

153 4091 202 4144 Gr.
222 4093 268 4144 111.
287 4091 332 4145 54.
353 4089 380 4144 5.
399 4093 516 4163 scripsit:
535 4090 697 4161 quibusdem
715 4087 882 4143 Eumoeridee
898 4099 1028 4152 occatur,
1048 4099 1080 4142 ut
1098 4087 1180 4143 Colo-

154 4177 235 4231 neeio
248 4195 281 4250 p.
301 4192 362 4231 rao·
392 4177 506 4232 Observ-
530 4178 627 4243 Soet„
649 4193 701 4249 quo
722 4189 851 4240 auctore,
876 4173 922 4227 ael
938 4189 990 4242 quo
1010 4181 1179 4260 opprimente,

155 4263 283 4332 ignorare
300 4281 342 4317 me
355 4261 465 4336 fateor.

855 4324 945 4372 *Ru*
961 4325 984 4420 4(
