2844 4946
253 339 368 390 LXXII
1414 385 1415 420 η

260 465 393 540 Σκευαῖς
422 479 590 534 correxerat
625 473 714 534 stiam
751 473 776 539 1.
808 470 881 534 Chr.
909 465 1044 536 Wollius
1070 465 1105 526 in
1132 459 1235 526 lodice
1266 463 1348 524 Edit.

259 571 357 635 Huds.
392 575 547 638 Summam
575 591 674 639 autem
702 567 851 641 inscitiam
878 573 979 656 prodit
1006 571 1146 652 Toupius
1175 567 1350 631 Emendett.
1414 579 1415 658 l

260 675 291 736 in
313 672 399 738 said.
421 680 462 744 T.
485 679 537 747 lv,
559 705 591 764 p.
616 683 690 744 tos.
713 683 761 747 sd.
784 681 885 742 Oxon.
906 699 992 754 oum,
1022 677 1054 736 in
1077 696 1138 756 quo
1165 673 1226 734 iam
1243 672 1351 736 Fabri-

261 781 324 841 cius
353 800 547 864 peccaverat,
588 784 722 856 Σκευαῖς
747 787 782 846 in
813 770 979 858 Σκύθαις,
1008 799 1188 861 quamquam
1219 775 1353 836 timidior

261 905 351 966 quam
371 889 578 968 confidentior,
601 890 779 953 mutandum
801 909 866 950 essa
889 899 999 948 censet.
1041 885 1159 965 Nempe
1190 902 1289 944 error·
1305 901 1354 942 sr-
1414 931 1415 972 η

260 1009 357 1050 rorem
376 1013 480 1074 parere
503 995 589 1062 solet.
626 994 809 1058 scholiastes
830 991 1041 1072 Aristophanis
1070 987 1109 1047 ad
1130 986 1193 1054 Av.
1221 1007 1257 1051 v.
1280 988 1354 1046 151.

261 1093 338 1155 inter
359 1095 417 1156 alia
438 1097 639 1162 Melanthium
661 1099 829 1181 quendam,
851 1109 980 1158 actorem
1001 1094 1167 1177 tragicum,
1189 1111 1206 1152 a
1227 1087 1354 1150 Platone
1414 1075 1415 1170 l

262 1195 385 1259 Comico
407 1199 442 1260 ἐν
461 1195 609 1274 Σκύθαις
627 1205 810 1286 exagitatum
840 1221 904 1262 esse
926 1198 1072 1281 perhibet.
1117 1192 1210 1272 Quod
1238 1205 1273 1252 ut
1298 1211 1355 1272 per

261 1320 293 1360 se
310 1301 345 1362 in
367 1301 499 1366 Platonis
521 1307 652 1370 fabulam
675 1301 794 1366 Σκευαῖ
813 1305 987 1384 inscriptam
1009 1301 1097 1362 unico
1127 1299 1190 1362 lere
1212 1295 1355 1381 ‹pradrate
1414 1295 1415 1366 ᾖ

261 1405 394 1484 videtur,
413 1410 517 1471 multis
537 1410 603 1472 aliis
625 1411 781 1472 decausis
804 1406 1002 1470 Scholiastam
1024 1403 1058 1464 ἐν
1080 1401 1216 1470 Σκευαῖς
1238 1399 1356 1464 dedisse
1414 1369 1415 1428 l

262 1521 351 1590 atque
372 1535 466 1594 prava
486 1514 597 1578 librarii
619 1515 764 1598 scriptura
784 1515 943 1595 Toupium
966 1507 1175 1572 defraudatum
1197 1523 1357 1570 assevero
1414 1499 1415 1520 ¹

263 1613 450 1678 simillimum
471 1633 527 1682 est.
570 1620 727 1700 Namque,
757 1618 829 1680 licet
862 1616 964 1700 negari
995 1635 1058 1680 uon
1083 1612 1198 1696 possit,
1230 1607 1360 1672 aliorum
1414 1677 1415 1688 p

263 1714 453 1782 Comicorum
477 1713 609 1782 Σκύθαι
641 1722 759 1803 saepius
787 1721 966 1795 memorari,
999 1715 1087 1779 velut
1117 1711 1291 1778 Antimaohi
1322 1712 1360 1771 ab

261 1818 418 1884 Athenaeo
440 1823 493 1890 lib.
515 1825 566 1886 Vl.
589 1849 621 1908 p.
630 1829 706 1890 243.
717 1825 751 1889 C.
775 1824 849 1886 247.
861 1827 897 1885 F.
917 1819 1042 1888 Polluce
1062 1819 1117 1884 lib.
1133 1816 1195 1878 Vll.
1217 1831 1289 1878 sect.
1307 1821 1361 1879 59.

262 1923 336 1988 item
357 1928 510 1990 Xenarchi
528 1932 565 1990 ab
595 1930 701 1993 eodem
723 1930 880 1991 ausano
901 1925 956 1988 lib.
978 1925 1033 1984 IX.
1056 1945 1088 2006 p.
1112 1927 1185 1986 367.
1207 1923 1243 1986 B.
1265 1922 1307 1982 X.
1330 1944 1363 2002 p·

265 2028 341 2097 tte.
362 2032 402 2092 D.
433 2032 566 2094 Platonis
587 2033 719 2094 fabulam
742 2033 876 2094 eiusdem
897 2031 1065 2116 argumenti
1087 2051 1104 2092 a
1125 2039 1263 2092 vetorum
1284 2045 1366 2105 quo-

254 2147 366 2212 ·quam,
386 2157 514 2215 quorum
535 2137 596 2198 hnc
617 2139 669 2218 qui
691 2139 860 2220 pertincant
882 2135 960 2210 loci,
988 2134 1147 2217 diligenter
1170 2151 1274 2194 omnes
1296 2127 1366 2188 col·

267 2235 345 2320 legi,
375 2236 530 2302 laudatum
552 2243 681 2324 reperire
711 2242 809 2304 adhuc
831 2241 905 2302 mihi
927 2262 997 2330 non*
1012 2239 1148 2322 contigit.
1192 2235 1303 2297 Contra
1323 2233 1366 2293 de

267 2341 332 2403 eius
352 2340 497 2424 Σκευαῖς,
520 2345 586 2426 quis
604 2357 659 2420 est,
682 2346 755 2426 quin
777 2346 898 2430 saepius
919 2338 1095 2406 audiverit?

355 2446 490 2510 Omnino
526 2470 601 2512 vero
641 2448 809 2512 fabularum
848 2462 987 2511 veterum
1016 2446 1207 2508 Comicorum
1242 2441 1370 2502 nomina
1414 2481 1415 2484 η

269 2562 452 2632 quantopere
473 2573 542 2612 cum
570 2552 835 2630 a'Grammaticis,
865 2552 1041 2614 Scholiastis
1067 2549 1192 2632 aliisque
1213 2546 1244 2606 id
1268 2566 1370 2630 genus

270 2651 441 2716 hominibus
464 2655 653 2724 mediocriter
675 2656 781 2740 doctis,
803 2671 869 2718 tum
891 2677 908 2716 a
929 2655 1058 2720 librariis
1079 2655 1157 2713 intar
1176 2672 1209 2714 se
1226 2671 1371 2710 commu-

196 2839 198 2844 ι
270 2769 330 2816 tata
352 2770 440 2838 atque
462 2751 537 2822 adso
560 2773 699 2842 corrupta
720 2761 790 2838 sint,
811 2761 872 2821 dici
893 2761 949 2822 vix
970 2773 1081 2843 potest.
1125 2755 1220 2818 Utin
1240 2753 1373 2813 Platone

272 2861 487 2944 consistamus,
509 2851 725 2948 Μωμοθύρας
747 2885 787 2926 ex
807 2863 975 2924 fabularum
1005 2865 1071 2924 eius
1093 2858 1228 2942 catalogo
1250 2855 1374 2918 dudum

272 2962 388 3046 expulit
413 2988 539 3052 magnus
568 2967 728 3033 Porsonus.
774 2969 861 3030 Idem
887 2969 995 3030 faciam
1033 2969 1188 3028 occasione
1216 2962 1374 3021 invitante

272 3067 360 3130 titulo
382 3063 537 3150 Πεδηταῖ.
581 3071 764 3135 scholiastes
785 3071 918 3137 Platonis
947 3073 980 3132 in
1002 3071 1125 3132 Menan.
1156 3090 1187 3150 p.
1210 3071 1286 3128 391.
1317 3065 1373 3126 sd.

273 3171 368 3242 Beth,
389 3176 443 3234 ubi
466 3175 503 3234 da
524 3173 671 3258 Aspasia,
700 3176 824 3241 Periclis
856 3195 967 3256 uxore,
998 3195 1097 3236 sermo
1120 3184 1183 3250 est,
1212 3169 1290 3229 inter
1310 3167 1375 3227 alia

274 3273 348 3336 haec
371 3277 478 3339 hahet:
504 3274 557 3340 καὶ
578 3267 634 3340 τὸν
654 3273 814 3340 Λυσικλέα
835 3269 953 3360 ῥήτορα
975 3264 1156 3339 δεινότατον
1177 3259 1374 3334 κατεσκευά-

276 3398 370 3454 σατο,
398 3370 548 3464 καθάπερ
576 3379 628 3443 καλ
658 3377 815 3462 Περικλέα
836 3376 1023 3464 δημηγορεῖν
1049 3363 1296 3462 παρεσκεύασεν,
1327 3369 1377 3446 ὡς

277 3481 429 3566 Αἰσχίνης
450 3483 484 3546 ἐν
506 3473 637 3571 διαλόγῳ
660 3479 785 3568 Καλλίᾳ
814 3483 867 3546 καλ
889 3475 1027 3544 Πλάτων
1056 3476 1169 3562 ὁμοίως
1197 3473 1379 3558 Πεδηταῖς.
1414 3497 1415 3500 ’

279 3588 327 3648 Ad
348 3587 503 3650 Platonem
527 3590 682 3652 (lominum
704 3613 721 3651 a
743 3590 880 3654 leskero
900 3592 932 3650 iu
954 3589 1057 3648 ludios
1080 3609 1110 3676 p.
1126 3588 1200 3650 472.
1223 3585 1298 3646 haec
1321 3608 1383 3646 re-

278 3691 337 3752 late
365 3692 513 3760 videmus.
565 3693 659 3776 Atqui
689 3693 806 3758 fabulae
840 3693 1013 3756 huiusmodi
1044 3691 1215 3752 Platonicae
1244 3689 1387 3772 vestigia

279 3798 311 3857 in
333 3809 470 3882 veterum
492 3799 601 3880 pariter
624 3811 712 3879 atque
733 3800 933 3860 recentiorum
963 3797 1082 3878 scriptis
1111 3793 1220 3857 frustra
1250 3813 1388 3874 qtraeras

281 3915 311 3962 st
332 3899 509 3963 altissimum
531 3902 568 3962 de
591 3925 626 3962 ea
647 3901 799 3964 silentium
823 3905 976 3978 obtinent3
1006 3901 1058 3980 qui
1088 3897 1192 3960 titulos
1214 3897 1389 3980 diligenter
1414 3945 1415 3972 3

282 4020 502 4083 numerarunt,
525 4006 633 4066 Suidas
656 4007 695 4067 T.
719 4007 775 4067 111.
796 4029 828 4088 p.
852 4007 921 4068 124.
946 4005 994 4066 ed.
1016 4004 1107 4065 Kust.
1132 4017 1162 4064 st
1181 4003 1392 4068 Andronicus

281 4105 356 4192 περὶ
384 4097 499 4182 τάξιας
527 4105 668 4190 ποιητῶν
696 4133 743 4196 ap.
765 4109 894 4174 Βούλει.
916 4109 975 4170 Aa.
998 4109 1050 4172 Gr.
1079 4109 1120 4172 Τ.
1140 4107 1194 4171 ΠΙ.
1223 4129 1255 4190 p.
1281 4105 1395 4170 1461.

283 4227 345 4280 not.
364 4215 446 4278 Num
469 4214 635 4290 credamus,
657 4216 779 4278 unicum
796 4213 991 4276 Scholiastem
1014 4234 1125 4278 nomen
1146 4213 1233 4274 istius
1254 4209 1398 4275 fabulae

283 4321 368 4382 nobis
393 4318 547 4400 reliquisse
576 4339 614 4380 an
651 4339 780 4380 errorem
813 4339 901 4380 suum
931 4319 990 4402 ipsi
1017 4317 1247 4405 relinquendum
1287 4317 1401 4382 esse?
