<?xml version="1.0" encoding="UTF-8"?>
<!DOCTYPE html PUBLIC "-//W3C//DTD XHTML 1.0 Transitional//EN"
    "http://www.w3.org/TR/xhtml1/DTD/xhtml1-transitional.dtd">
<html xmlns="http://www.w3.org/1999/xhtml" xml:lang="en" lang="en">
 <head>
  <title>
</title>
<meta http-equiv="Content-Type" content="text/html;charset=utf-8" />
  <meta name='ocr-system' content='tesseract 3.04.00' />
  <meta name='ocr-capabilities' content='ocr_page ocr_carea ocr_par ocr_line ocrx_word'/>
</head>
<body>
  <div class='ocr_page' id='page_1' title='image "./moeridisatticis00fiscgoog/moeridisatticis00fiscgoog_0060.png"; bbox 0 0 2844 4946; ppageno 0'>
   <div class='ocr_carea' id='block_1_1' title="bbox 1122 295 1188 346">
    <p class='ocr_par' dir='ltr' id='par_1_1' title="bbox 1122 295 1188 346">
     <span class='ocr_line' id='line_1_1' title="bbox 1122 295 1188 346; baseline 0.03 -2"><span class='ocrx_word' id='word_1_1' title='bbox 1122 295 1188 346; x_wconf 77' lang='lat' dir='ltr'><strong>tut</strong></span> 
     </span>
    </p>
   </div>
   <div class='ocr_carea' id='block_1_2' title="bbox 36 407 1290 2274">
    <p class='ocr_par' dir='ltr' id='par_1_2' title="bbox 36 407 1290 2274">
     <span class='ocr_line' id='line_1_2' title="bbox 115 407 1189 505; baseline 0.009 -33"><span class='ocrx_word' id='word_1_2' title='bbox 115 409 300 491; x_wconf 56' lang='lat' dir='ltr'><strong>dubiumne,</strong></span> <span class='ocrx_word' id='word_1_3' title='bbox 322 410 380 472; x_wconf 82' lang='lat' dir='ltr'><strong>Vir</strong></span> <span class='ocrx_word' id='word_1_4' title='bbox 400 407 573 476; x_wconf 78' lang='lat' dir='ltr'><strong>clarissime.</strong></span> <span class='ocrx_word' id='word_1_5' title='bbox 617 411 698 474; x_wconf 84' lang='lat' dir='ltr'><strong>Euan</strong></span> <span class='ocrx_word' id='word_1_6' title='bbox 726 412 848 476; x_wconf 81' lang='lat' dir='ltr'><strong>brevem</strong></span> <span class='ocrx_word' id='word_1_7' title='bbox 873 413 967 480; x_wconf 70' lang='lat' dir='ltr'><strong>taine</strong></span> <span class='ocrx_word' id='word_1_8' title='bbox 993 430 1025 480; x_wconf 89' lang='lat' dir='ltr'><strong>et</strong></span> <span class='ocrx_word' id='word_1_9' title='bbox 1050 441 1189 505; x_wconf 65' lang='lat' dir='ltr'><strong>pruna,</strong></span> 
     </span>
     <span class='ocr_line' id='line_1_3' title="bbox 112 509 1290 606; baseline 0.013 -30"><span class='ocrx_word' id='word_1_10' title='bbox 112 536 165 576; x_wconf 92' lang='lat' dir='ltr'><strong>non</strong></span> <span class='ocrx_word' id='word_1_11' title='bbox 185 515 327 599; x_wconf 80' lang='lat' dir='ltr'><strong>grandem</strong></span> <span class='ocrx_word' id='word_1_12' title='bbox 349 509 386 578; x_wconf 59' lang='lat' dir='ltr'><strong>et*</strong></span> <span class='ocrx_word' id='word_1_13' title='bbox 399 513 549 600; x_wconf 82' lang='lat' dir='ltr'><strong>longum,</strong></span> <span class='ocrx_word' id='word_1_14' title='bbox 567 517 639 576; x_wconf 88' lang='lat' dir='ltr'><strong>satis</strong></span> <span class='ocrx_word' id='word_1_15' title='bbox 661 515 782 596; x_wconf 86' lang='lat' dir='ltr'><strong>quidem</strong></span> <span class='ocrx_word' id='word_1_16' title='bbox 802 531 904 601; x_wconf 86' lang='lat' dir='ltr'><strong>puteat</strong></span> <span class='ocrx_word' id='word_1_17' title='bbox 923 535 1060 586; x_wconf 85' lang='lat' dir='ltr'><strong>constare</strong></span> <span class='ocrx_word' id='word_1_18' title='bbox 1083 549 1121 590; x_wconf 88' lang='lat' dir='ltr'><strong>ex</strong></span> <span class='ocrx_word' id='word_1_19' title='bbox 1142 549 1188 606; x_wconf 83' lang='lat' dir='ltr'><strong>ee,</strong></span> <span class='ocrx_word' id='word_1_20' title='bbox 1286 569 1290 580; x_wconf 53' lang='grc' dir='ltr'><em>ι</em></span> 
     </span>
     <span class='ocr_line' id='line_1_4' title="bbox 112 609 1182 704; baseline 0.002 -24"><span class='ocrx_word' id='word_1_21' title='bbox 112 621 182 700; x_wconf 89' lang='lat' dir='ltr'><strong>quod</strong></span> <span class='ocrx_word' id='word_1_22' title='bbox 201 644 219 684; x_wconf 86' lang='lat' dir='ltr'><strong>a</strong></span> <span class='ocrx_word' id='word_1_23' title='bbox 239 621 350 682; x_wconf 81' lang='lat' dir='ltr'><strong>Plsotio</strong></span> <span class='ocrx_word' id='word_1_24' title='bbox 369 619 537 704; x_wconf 81' lang='lat' dir='ltr'><strong>appellatur</strong></span> <span class='ocrx_word' id='word_1_25' title='bbox 563 609 761 699; x_wconf 78' lang='grc' dir='ltr'><strong><em>ποιημάτιον.</em></strong></span> <span class='ocrx_word' id='word_1_26' title='bbox 807 622 869 683; x_wconf 88' lang='lat' dir='ltr'><strong>Sed</strong></span> <span class='ocrx_word' id='word_1_27' title='bbox 898 623 975 688; x_wconf 80' lang='lat' dir='ltr'>nihil</span> <span class='ocrx_word' id='word_1_28' title='bbox 1002 627 1074 690; x_wconf 83' lang='lat' dir='ltr'><strong>inde</strong></span> <span class='ocrx_word' id='word_1_29' title='bbox 1103 631 1182 694; x_wconf 75' lang='lat' dir='ltr'><strong>alala.</strong></span> 
     </span>
     <span class='ocr_line' id='line_1_5' title="bbox 36 723 1187 816; baseline 0.016 -33"><span class='ocrx_word' id='word_1_30' title='bbox 36 725 37 728; x_wconf 70' lang='grc'>’</span> <span class='ocrx_word' id='word_1_31' title='bbox 110 737 166 784; x_wconf 85' lang='lat' dir='ltr'><strong>tum</strong></span> <span class='ocrx_word' id='word_1_32' title='bbox 185 746 250 786; x_wconf 86' lang='lat' dir='ltr'><strong>esse</strong></span> <span class='ocrx_word' id='word_1_33' title='bbox 272 725 368 790; x_wconf 86' lang='lat' dir='ltr'><strong>aliena</strong></span> <span class='ocrx_word' id='word_1_34' title='bbox 389 747 488 800; x_wconf 87' lang='lat' dir='ltr'><strong>manu,</strong></span> <span class='ocrx_word' id='word_1_35' title='bbox 511 723 587 784; x_wconf 84' lang='lat' dir='ltr'>nihil</span> <span class='ocrx_word' id='word_1_36' title='bbox 607 725 756 786; x_wconf 86' lang='lat' dir='ltr'><strong>adiectum</strong></span> <span class='ocrx_word' id='word_1_37' title='bbox 777 746 795 786; x_wconf 88' lang='lat' dir='ltr'><strong>a</strong></span> <span class='ocrx_word' id='word_1_38' title='bbox 813 749 904 816; x_wconf 81' lang='lat' dir='ltr'><strong>grege</strong></span> <span class='ocrx_word' id='word_1_39' title='bbox 920 729 1187 801; x_wconf 75' lang='lat' dir='ltr'><strong>Grammaticorum</strong></span> 
     </span>
     <span class='ocr_line' id='line_1_6' title="bbox 36 825 1187 921; baseline 0.007 -33"><span class='ocrx_word' id='word_1_40' title='bbox 36 825 37 828; x_wconf 58' lang='grc'>’</span> <span class='ocrx_word' id='word_1_41' title='bbox 109 830 315 908; x_wconf 76' lang='lat' dir='ltr'><strong>neentiorum,</strong></span> <span class='ocrx_word' id='word_1_42' title='bbox 345 829 394 890; x_wconf 85' lang='lat' dir='ltr'><strong>eui</strong></span> <span class='ocrx_word' id='word_1_43' title='bbox 423 831 456 890; x_wconf 88' lang='lat' dir='ltr'><strong>in</strong></span> <span class='ocrx_word' id='word_1_44' title='bbox 479 843 609 890; x_wconf 89' lang='lat' dir='ltr'><strong>mentem</strong></span> <span class='ocrx_word' id='word_1_45' title='bbox 639 829 742 890; x_wconf 87' lang='lat' dir='ltr'><strong>veniat</strong></span> <span class='ocrx_word' id='word_1_46' title='bbox 771 827 941 894; x_wconf 81' lang='lat' dir='ltr'><strong>affirmare?</strong></span> <span class='ocrx_word' id='word_1_47' title='bbox 982 835 1060 900; x_wconf 85' lang='lat' dir='ltr'><strong>Nam</strong></span> <span class='ocrx_word' id='word_1_48' title='bbox 1088 841 1187 921; x_wconf 60' lang='lat' dir='ltr'><strong>prime</strong></span> 
     </span>
     <span class='ocr_line' id='line_1_7' title="bbox 109 930 1186 1022; baseline 0.012 -29"><span class='ocrx_word' id='word_1_49' title='bbox 109 934 218 1013; x_wconf 85' lang='lat' dir='ltr'><strong>quidem</strong></span> <span class='ocrx_word' id='word_1_50' title='bbox 238 934 275 996; x_wconf 90' lang='lat' dir='ltr'><strong>in</strong></span> <span class='ocrx_word' id='word_1_51' title='bbox 295 931 417 1010; x_wconf 85' lang='lat' dir='ltr'><strong>mnltis,</strong></span> <span class='ocrx_word' id='word_1_52' title='bbox 440 933 492 1014; x_wconf 90' lang='lat' dir='ltr'><strong>qni</strong></span> <span class='ocrx_word' id='word_1_53' title='bbox 513 945 643 1009; x_wconf 78' lang='lat' dir='ltr'><strong>restam,</strong></span> <span class='ocrx_word' id='word_1_54' title='bbox 675 930 760 1000; x_wconf 85' lang='lat' dir='ltr'><strong>libris</strong></span> <span class='ocrx_word' id='word_1_55' title='bbox 783 936 900 1018; x_wconf 19' lang='lat' dir='ltr'><strong>sorriptis</strong></span> <span class='ocrx_word' id='word_1_56' title='bbox 920 935 1062 1022; x_wconf 76' lang='lat' dir='ltr'><strong>legnnoar</strong></span> <span class='ocrx_word' id='word_1_57' title='bbox 1081 944 1186 1021; x_wconf 78' lang='lat' dir='ltr'><strong>malta,</strong></span> 
     </span>
     <span class='ocr_line' id='line_1_8' title="bbox 109 1035 1279 1128; baseline 0.003 -30"><span class='ocrx_word' id='word_1_58' title='bbox 109 1059 174 1117; x_wconf 86' lang='lat' dir='ltr'><strong>qnae</strong></span> <span class='ocrx_word' id='word_1_59' title='bbox 192 1059 255 1098; x_wconf 90' lang='lat' dir='ltr'><strong>non</strong></span> <span class='ocrx_word' id='word_1_60' title='bbox 275 1039 349 1100; x_wconf 70' lang='lat' dir='ltr'><strong>uem</strong></span> <span class='ocrx_word' id='word_1_61' title='bbox 369 1037 402 1098; x_wconf 90' lang='lat' dir='ltr'><strong>iu</strong></span> <span class='ocrx_word' id='word_1_62' title='bbox 425 1035 509 1098; x_wconf 84' lang='lat' dir='ltr'><strong>aliis:</strong></span> <span class='ocrx_word' id='word_1_63' title='bbox 530 1037 637 1118; x_wconf 83' lang='lat' dir='ltr'><strong>quidni</strong></span> <span class='ocrx_word' id='word_1_64' title='bbox 657 1037 768 1116; x_wconf 81' lang='lat' dir='ltr'><strong>iniis,</strong></span> <span class='ocrx_word' id='word_1_65' title='bbox 789 1039 842 1120; x_wconf 87' lang='lat' dir='ltr'><strong>qui</strong></span> <span class='ocrx_word' id='word_1_66' title='bbox 866 1037 918 1102; x_wconf 86' lang='lat' dir='ltr'><strong>vel</strong></span> <span class='ocrx_word' id='word_1_67' title='bbox 939 1046 1083 1128; x_wconf 83' lang='lat' dir='ltr'><strong>temporis</strong></span> <span class='ocrx_word' id='word_1_68' title='bbox 1103 1047 1186 1114; x_wconf 65' lang='lat' dir='ltr'><strong>inin..</strong></span> <span class='ocrx_word' id='word_1_69' title='bbox 1275 1053 1279 1056; x_wconf 82' lang='lat'>&#39;</span> 
     </span>
     <span class='ocr_line' id='line_1_9' title="bbox 108 1141 1186 1234; baseline 0.01 -34"><span class='ocrx_word' id='word_1_70' title='bbox 108 1142 154 1214; x_wconf 85' lang='lat' dir='ltr'><strong>ria,</strong></span> <span class='ocrx_word' id='word_1_71' title='bbox 173 1141 224 1204; x_wconf 86' lang='lat' dir='ltr'><strong>vel</strong></span> <span class='ocrx_word' id='word_1_72' title='bbox 245 1141 436 1226; x_wconf 71' lang='lat' dir='ltr'><strong>neglegentia</strong></span> <span class='ocrx_word' id='word_1_73' title='bbox 455 1141 623 1218; x_wconf 77' lang='lat' dir='ltr'><strong>huminum,</strong></span> <span class='ocrx_word' id='word_1_74' title='bbox 646 1141 779 1224; x_wconf 85' lang='lat' dir='ltr'><strong>periere,</strong></span> <span class='ocrx_word' id='word_1_75' title='bbox 801 1142 896 1206; x_wconf 86' lang='lat' dir='ltr'><strong>multe</strong></span> <span class='ocrx_word' id='word_1_76' title='bbox 917 1149 1089 1230; x_wconf 82' lang='lat' dir='ltr'><strong>extiterint,</strong></span> <span class='ocrx_word' id='word_1_77' title='bbox 1110 1165 1186 1234; x_wconf 68' lang='lat' dir='ltr'><strong>quat</strong></span> 
     </span>
     <span class='ocr_line' id='line_1_10' title="bbox 107 1241 1187 1320; baseline 0.01 -16"><span class='ocrx_word' id='word_1_78' title='bbox 107 1244 261 1308; x_wconf 74' lang='lat' dir='ltr'><strong>mnomris</strong></span> <span class='ocrx_word' id='word_1_79' title='bbox 280 1247 375 1308; x_wconf 88' lang='lat' dir='ltr'><strong>hodie</strong></span> <span class='ocrx_word' id='word_1_80' title='bbox 405 1245 557 1309; x_wconf 84' lang='lat' dir='ltr'><strong>codicibus</strong></span> <span class='ocrx_word' id='word_1_81' title='bbox 578 1267 640 1308; x_wconf 91' lang='lat' dir='ltr'><strong>non</strong></span> <span class='ocrx_word' id='word_1_82' title='bbox 659 1241 877 1308; x_wconf 79' lang='lat' dir='ltr'><strong>invenientur?</strong></span> <span class='ocrx_word' id='word_1_83' title='bbox 923 1252 1042 1316; x_wconf 85' lang='lat' dir='ltr'><strong>Deinde</strong></span> <span class='ocrx_word' id='word_1_84' title='bbox 1063 1268 1110 1318; x_wconf 85' lang='lat' dir='ltr'><strong>est</strong></span> <span class='ocrx_word' id='word_1_85' title='bbox 1130 1277 1187 1320; x_wconf 70' lang='lat' dir='ltr'><strong>ve-</strong></span> 
     </span>
     <span class='ocr_line' id='line_1_11' title="bbox 107 1347 1186 1438; baseline 0.008 -28"><span class='ocrx_word' id='word_1_86' title='bbox 107 1350 269 1438; x_wconf 69' lang='lat' dir='ltr'><strong>nannum,</strong></span> <span class='ocrx_word' id='word_1_87' title='bbox 309 1373 372 1413; x_wconf 86' lang='lat' dir='ltr'><strong>non</strong></span> <span class='ocrx_word' id='word_1_88' title='bbox 399 1371 494 1434; x_wconf 72' lang='lat' dir='ltr'><strong>pauca</strong></span> <span class='ocrx_word' id='word_1_89' title='bbox 534 1372 575 1412; x_wconf 84' lang='lat' dir='ltr'><strong>ex</strong></span> <span class='ocrx_word' id='word_1_90' title='bbox 608 1349 734 1412; x_wconf 87' lang='lat' dir='ltr'><strong>eliorum</strong></span> <span class='ocrx_word' id='word_1_91' title='bbox 773 1347 1063 1436; x_wconf 82' lang='lat' dir='ltr'><strong>Gloescgraphornm</strong></span> <span class='ocrx_word' id='word_1_92' title='bbox 1101 1358 1186 1429; x_wconf 72' lang='lat' dir='ltr'><strong>libris</strong></span> 
     </span>
     <span class='ocr_line' id='line_1_12' title="bbox 107 1453 1186 1537; baseline 0.016 -25"><span class='ocrx_word' id='word_1_93' title='bbox 107 1453 187 1516; x_wconf 76' lang='lat' dir='ltr'><strong>lause</strong></span> <span class='ocrx_word' id='word_1_94' title='bbox 205 1479 224 1516; x_wconf 88' lang='lat' dir='ltr'><strong>a</strong></span> <span class='ocrx_word' id='word_1_95' title='bbox 248 1455 457 1518; x_wconf 75' lang='lat' dir='ltr'><strong>Grammaticis</strong></span> <span class='ocrx_word' id='word_1_96' title='bbox 486 1454 686 1537; x_wconf 76' lang='lat' dir='ltr'><strong>posteriorum</strong></span> <span class='ocrx_word' id='word_1_97' title='bbox 713 1467 884 1534; x_wconf 88' lang='lat' dir='ltr'><strong>temporum</strong></span> <span class='ocrx_word' id='word_1_98' title='bbox 911 1457 989 1519; x_wconf 84' lang='lat' dir='ltr'><strong>mala</strong></span> <span class='ocrx_word' id='word_1_99' title='bbox 1014 1461 1128 1528; x_wconf 80' lang='lat' dir='ltr'><strong>sedulia</strong></span> <span class='ocrx_word' id='word_1_100' title='bbox 1154 1467 1186 1528; x_wconf 90' lang='lat' dir='ltr'><strong>in</strong></span> 
     </span>
     <span class='ocr_line' id='line_1_13' title="bbox 106 1555 1213 1650; baseline 0.017 -34"><span class='ocrx_word' id='word_1_101' title='bbox 106 1555 176 1620; x_wconf 82' lang='lat' dir='ltr'><strong>hunc</strong></span> <span class='ocrx_word' id='word_1_102' title='bbox 198 1558 358 1636; x_wconf 88' lang='lat' dir='ltr'><strong>libellum,</strong></span> <span class='ocrx_word' id='word_1_103' title='bbox 379 1573 414 1620; x_wconf 90' lang='lat' dir='ltr'><strong>ut</strong></span> <span class='ocrx_word' id='word_1_104' title='bbox 434 1561 485 1636; x_wconf 81' lang='lat' dir='ltr'><strong>fit,</strong></span> <span class='ocrx_word' id='word_1_105' title='bbox 507 1557 658 1622; x_wconf 87' lang='lat' dir='ltr'><strong>translata.</strong></span> <span class='ocrx_word' id='word_1_106' title='bbox 700 1559 728 1616; x_wconf 91' lang='lat' dir='ltr'>E</span> <span class='ocrx_word' id='word_1_107' title='bbox 751 1558 878 1620; x_wconf 86' lang='lat' dir='ltr'><strong>Timaeo</strong></span> <span class='ocrx_word' id='word_1_108' title='bbox 906 1562 1027 1642; x_wconf 79' lang='lat' dir='ltr'><strong>quidem</strong></span> <span class='ocrx_word' id='word_1_109' title='bbox 1047 1565 1187 1650; x_wconf 78' lang='lat' dir='ltr'><strong>Sophiste</strong></span> <span class='ocrx_word' id='word_1_110' title='bbox 1208 1577 1213 1586; x_wconf 90' lang='lat'><strong><em>‘</em></strong></span> 
     </span>
     <span class='ocr_line' id='line_1_14' title="bbox 106 1661 1189 1756; baseline 0.011 -36"><span class='ocrx_word' id='word_1_111' title='bbox 106 1661 189 1722; x_wconf 83' lang='lat' dir='ltr'><strong>multa</strong></span> <span class='ocrx_word' id='word_1_112' title='bbox 206 1661 284 1724; x_wconf 87' lang='lat' dir='ltr'><strong>illuc</strong></span> <span class='ocrx_word' id='word_1_113' title='bbox 311 1665 450 1743; x_wconf 86' lang='lat' dir='ltr'><strong>venisse,</strong></span> <span class='ocrx_word' id='word_1_114' title='bbox 487 1683 584 1722; x_wconf 84' lang='lat' dir='ltr'><strong>exeo</strong></span> <span class='ocrx_word' id='word_1_115' title='bbox 612 1661 786 1744; x_wconf 84' lang='lat' dir='ltr'><strong>praesertim</strong></span> <span class='ocrx_word' id='word_1_116' title='bbox 815 1675 951 1745; x_wconf 88' lang='lat' dir='ltr'><strong>tempore</strong></span> <span class='ocrx_word' id='word_1_117' title='bbox 972 1669 1066 1754; x_wconf 80' lang='lat' dir='ltr'><strong>magis</strong></span> <span class='ocrx_word' id='word_1_118' title='bbox 1089 1674 1189 1756; x_wconf 85' lang='lat' dir='ltr'><strong>coepit</strong></span> 
     </span>
     <span class='ocr_line' id='line_1_15' title="bbox 105 1761 1187 1854; baseline 0.01 -29"><span class='ocrx_word' id='word_1_119' title='bbox 105 1768 264 1848; x_wconf 77' lang='lat' dir='ltr'><strong>certiusque</strong></span> <span class='ocrx_word' id='word_1_120' title='bbox 292 1767 507 1842; x_wconf 88' lang='lat' dir='ltr'><strong>animadverti,</strong></span> <span class='ocrx_word' id='word_1_121' title='bbox 530 1787 601 1846; x_wconf 88' lang='lat' dir='ltr'><strong>-qno</strong></span> <span class='ocrx_word' id='word_1_122' title='bbox 623 1761 920 1850; x_wconf 75' lang='lat' dir='ltr'><strong>Montefalconiue*)</strong></span> <span class='ocrx_word' id='word_1_123' title='bbox 946 1770 1187 1854; x_wconf 83' lang='lat' dir='ltr'><strong>Ruhnquenius·</strong></span> 
     </span>
     <span class='ocr_line' id='line_1_16' title="bbox 105 1865 1188 1952; baseline 0.012 -24"><span class='ocrx_word' id='word_1_124' title='bbox 105 1865 228 1952; x_wconf 48' lang='lat' dir='ltr'><strong>quest)</strong></span> <span class='ocrx_word' id='word_1_125' title='bbox 265 1870 454 1934; x_wconf 83' lang='lat' dir='ltr'><strong>Glossarium</strong></span> <span class='ocrx_word' id='word_1_126' title='bbox 489 1871 620 1931; x_wconf 85' lang='lat' dir='ltr'><strong>hominis</strong></span> <span class='ocrx_word' id='word_1_127' title='bbox 656 1867 844 1932; x_wconf 88' lang='lat' dir='ltr'><strong>Platonicum</strong></span> <span class='ocrx_word' id='word_1_128' title='bbox 882 1871 1010 1934; x_wconf 89' lang='lat' dir='ltr'><strong>edidere.</strong></span> <span class='ocrx_word' id='word_1_129' title='bbox 1062 1879 1188 1941; x_wconf 89' lang='lat' dir='ltr'><strong>Nosmet</strong></span> 
     </span>
     <span class='ocr_line' id='line_1_17' title="bbox 103 1973 1188 2058; baseline 0.006 -24"><span class='ocrx_word' id='word_1_130' title='bbox 103 1995 167 2038; x_wconf 75' lang='lat' dir='ltr'><strong>vero</strong></span> <span class='ocrx_word' id='word_1_131' title='bbox 190 1977 366 2036; x_wconf 86' lang='lat' dir='ltr'><strong>monuimus</strong></span> <span class='ocrx_word' id='word_1_132' title='bbox 394 1975 453 2058; x_wconf 81' lang='lat' dir='ltr'><strong>ipsi</strong></span> <span class='ocrx_word' id='word_1_133' title='bbox 474 1975 606 2056; x_wconf 87' lang='lat' dir='ltr'><strong>passim,</strong></span> <span class='ocrx_word' id='word_1_134' title='bbox 648 1973 742 2032; x_wconf 90' lang='lat' dir='ltr'><strong>multa</strong></span> <span class='ocrx_word' id='word_1_135' title='bbox 771 1995 852 2034; x_wconf 89' lang='lat' dir='ltr'><strong>nune</strong></span> <span class='ocrx_word' id='word_1_136' title='bbox 884 1977 918 2036; x_wconf 90' lang='lat' dir='ltr'><strong>in</strong></span> <span class='ocrx_word' id='word_1_137' title='bbox 946 1976 1050 2040; x_wconf 90' lang='lat' dir='ltr'><strong>libello</strong></span> <span class='ocrx_word' id='word_1_138' title='bbox 1083 1983 1188 2046; x_wconf 76' lang='lat' dir='ltr'><strong>Nostri</strong></span> 
     </span>
     <span class='ocr_line' id='line_1_18' title="bbox 104 2075 1187 2162; baseline 0.01 -24"><span class='ocrx_word' id='word_1_139' title='bbox 104 2075 163 2162; x_wconf 81' lang='lat' dir='ltr'><strong>legi,</strong></span> <span class='ocrx_word' id='word_1_140' title='bbox 184 2103 264 2162; x_wconf 85' lang='lat' dir='ltr'><strong>quae</strong></span> <span class='ocrx_word' id='word_1_141' title='bbox 285 2080 456 2162; x_wconf 80' lang='lat' dir='ltr'><strong>diligentiae</strong></span> <span class='ocrx_word' id='word_1_142' title='bbox 478 2077 614 2138; x_wconf 88' lang='lat' dir='ltr'><strong>Thomae</strong></span> <span class='ocrx_word' id='word_1_143' title='bbox 635 2077 772 2162; x_wconf 82' lang='lat' dir='ltr'><strong>Magistri</strong></span> <span class='ocrx_word' id='word_1_144' title='bbox 795 2077 967 2145; x_wconf 80' lang='lat' dir='ltr'><strong>debeantur.</strong></span> <span class='ocrx_word' id='word_1_145' title='bbox 1012 2081 1081 2160; x_wconf 84' lang='lat' dir='ltr'><strong>Qua</strong></span> <span class='ocrx_word' id='word_1_146' title='bbox 1102 2087 1134 2146; x_wconf 89' lang='lat' dir='ltr'><strong>in</strong></span> <span class='ocrx_word' id='word_1_147' title='bbox 1155 2109 1187 2150; x_wconf 89' lang='lat' dir='ltr'><strong>re</strong></span> 
     </span>
     <span class='ocr_line' id='line_1_19' title="bbox 105 2181 1187 2274; baseline 0.007 -32"><span class='ocrx_word' id='word_1_148' title='bbox 105 2183 254 2246; x_wconf 74' lang='lat' dir='ltr'><strong>dissentire</strong></span> <span class='ocrx_word' id='word_1_149' title='bbox 281 2183 384 2248; x_wconf 82' lang='lat' dir='ltr'><strong>licebit</strong></span> <span class='ocrx_word' id='word_1_150' title='bbox 414 2206 431 2244; x_wconf 89' lang='lat' dir='ltr'><strong>a</strong></span> <span class='ocrx_word' id='word_1_151' title='bbox 459 2183 526 2244; x_wconf 84' lang='lat' dir='ltr'><strong>toh.</strong></span> <span class='ocrx_word' id='word_1_152' title='bbox 561 2181 696 2258; x_wconf 87' lang='lat' dir='ltr'><strong>Alberto,</strong></span> <span class='ocrx_word' id='word_1_153' title='bbox 726 2183 970 2262; x_wconf 50' lang='lat' dir='ltr'><strong>Vironummo,</strong></span> <span class='ocrx_word' id='word_1_154' title='bbox 1012 2200 1042 2248; x_wconf 89' lang='lat' dir='ltr'><strong>et</strong></span> <span class='ocrx_word' id='word_1_155' title='bbox 1068 2187 1121 2249; x_wconf 82' lang='lat' dir='ltr'><strong>vel</strong></span> <span class='ocrx_word' id='word_1_156' title='bbox 1148 2193 1187 2274; x_wconf 68' lang='lat' dir='ltr'><strong>ol)</strong></span> 
     </span>
    </p>
   </div>
   <div class='ocr_carea' id='block_1_3' title="bbox 104 2279 1301 2372">
    <p class='ocr_par' dir='ltr' id='par_1_3' title="bbox 104 2279 1301 2372">
     <span class='ocr_line' id='line_1_20' title="bbox 104 2279 1301 2372; baseline 0.005 -25"><span class='ocrx_word' id='word_1_157' title='bbox 104 2289 242 2369; x_wconf 83' lang='lat' dir='ltr'><strong>praeclara</strong></span> <span class='ocrx_word' id='word_1_158' title='bbox 264 2289 297 2348; x_wconf 91' lang='lat' dir='ltr'><strong>in</strong></span> <span class='ocrx_word' id='word_1_159' title='bbox 317 2288 507 2367; x_wconf 87' lang='lat' dir='ltr'><strong>Hesychium</strong></span> <span class='ocrx_word' id='word_1_160' title='bbox 529 2279 633 2350; x_wconf 83' lang='lat' dir='ltr'><strong>merita</strong></span> <span class='ocrx_word' id='word_1_161' title='bbox 655 2285 798 2346; x_wconf 86' lang='lat' dir='ltr'><strong>memorie</strong></span> <span class='ocrx_word' id='word_1_162' title='bbox 818 2285 988 2364; x_wconf 82' lang='lat' dir='ltr'><strong>immortali</strong></span> <span class='ocrx_word' id='word_1_163' title='bbox 1001 2287 1187 2372; x_wconf 73' lang='lat' dir='ltr'><strong>dignissimo.</strong></span> <span class='ocrx_word' id='word_1_164' title='bbox 1296 2355 1301 2372; x_wconf 40' lang='grc' dir='ltr'><strong><em>Ι</em></strong></span> 
     </span>
    </p>
   </div>
   <div class='ocr_carea' id='block_1_4' title="bbox 101 2385 1275 2790">
    <p class='ocr_par' dir='ltr' id='par_1_4' title="bbox 101 2385 1275 2790">
     <span class='ocr_line' id='line_1_21' title="bbox 103 2385 1187 2480; baseline 0.004 -28"><span class='ocrx_word' id='word_1_165' title='bbox 103 2392 136 2452; x_wconf 84' lang='lat' dir='ltr'><strong>Ei</strong></span> <span class='ocrx_word' id='word_1_166' title='bbox 153 2415 221 2454; x_wconf 83' lang='lat' dir='ltr'><strong>enm</strong></span> <span class='ocrx_word' id='word_1_167' title='bbox 244 2392 387 2476; x_wconf 83' lang='lat' dir='ltr'><strong>Menagio</strong></span> <span class='ocrx_word' id='word_1_168' title='bbox 410 2405 440 2452; x_wconf 88' lang='lat' dir='ltr'><strong>et</strong></span> <span class='ocrx_word' id='word_1_169' title='bbox 461 2391 569 2458; x_wconf 85' lang='lat' dir='ltr'><strong>Lemb.</strong></span> <span class='ocrx_word' id='word_1_170' title='bbox 592 2390 683 2450; x_wconf 88' lang='lat' dir='ltr'><strong>Bosio</strong></span> <span class='ocrx_word' id='word_1_171' title='bbox 705 2402 807 2450; x_wconf 89' lang='lat' dir='ltr'><strong>contra</strong></span> <span class='ocrx_word' id='word_1_172' title='bbox 830 2385 1187 2480; x_wconf 23' lang='lat' dir='ltr'><strong>videbatur***)lThe-</strong></span> 
     </span>
     <span class='ocr_line' id='line_1_22' title="bbox 102 2492 1187 2576; baseline 0.006 -18"><span class='ocrx_word' id='word_1_173' title='bbox 102 2515 156 2558; x_wconf 84' lang='lat' dir='ltr'><strong>mes</strong></span> <span class='ocrx_word' id='word_1_174' title='bbox 177 2497 291 2557; x_wconf 89' lang='lat' dir='ltr'><strong>alicubi</strong></span> <span class='ocrx_word' id='word_1_175' title='bbox 311 2496 502 2576; x_wconf 79' lang='lat' dir='ltr'><strong>exscripsisse</strong></span> <span class='ocrx_word' id='word_1_176' title='bbox 525 2492 673 2555; x_wconf 83' lang='lat' dir='ltr'><strong>Moeride.</strong></span> <span class='ocrx_word' id='word_1_177' title='bbox 716 2493 832 2554; x_wconf 89' lang='lat' dir='ltr'><strong>Verum</strong></span> <span class='ocrx_word' id='word_1_178' title='bbox 861 2516 921 2575; x_wconf 90' lang='lat' dir='ltr'><strong>quo</strong></span> <span class='ocrx_word' id='word_1_179' title='bbox 955 2497 1056 2560; x_wconf 86' lang='lat' dir='ltr'><strong>minus</strong></span> <span class='ocrx_word' id='word_1_180' title='bbox 1084 2521 1187 2565; x_wconf 86' lang='lat' dir='ltr'><strong>assen-</strong></span> 
     </span>
     <span class='ocr_line' id='line_1_23' title="bbox 102 2597 1275 2690; baseline 0.004 -30"><span class='ocrx_word' id='word_1_181' title='bbox 102 2601 144 2660; x_wconf 90' lang='lat' dir='ltr'><strong>tiri</strong></span> <span class='ocrx_word' id='word_1_182' title='bbox 163 2601 240 2662; x_wconf 84' lang='lat' dir='ltr'><strong>Viro</strong></span> <span class='ocrx_word' id='word_1_183' title='bbox 262 2601 369 2662; x_wconf 85' lang='lat' dir='ltr'><strong>divino</strong></span> <span class='ocrx_word' id='word_1_184' title='bbox 391 2619 552 2681; x_wconf 87' lang='lat' dir='ltr'><strong>queamus,</strong></span> <span class='ocrx_word' id='word_1_185' title='bbox 582 2597 640 2658; x_wconf 88' lang='lat' dir='ltr'><strong>hoc</strong></span> <span class='ocrx_word' id='word_1_186' title='bbox 660 2597 796 2680; x_wconf 89' lang='lat' dir='ltr'><strong>impedit.</strong></span> <span class='ocrx_word' id='word_1_187' title='bbox 842 2599 877 2658; x_wconf 91' lang='lat' dir='ltr'><strong>In</strong></span> <span class='ocrx_word' id='word_1_188' title='bbox 900 2597 1037 2684; x_wconf 79' lang='lat' dir='ltr'><strong>Thomas</strong></span> <span class='ocrx_word' id='word_1_189' title='bbox 1058 2603 1188 2690; x_wconf 81' lang='lat' dir='ltr'><strong>Euloga-</strong></span> <span class='ocrx_word' id='word_1_190' title='bbox 1270 2620 1275 2632; x_wconf 89' lang='lat'><strong>·</strong></span> 
     </span>
     <span class='ocr_line' id='line_1_24' title="bbox 101 2699 1185 2790; baseline 0.006 -26"><span class='ocrx_word' id='word_1_191' title='bbox 101 2703 140 2764; x_wconf 90' lang='lat' dir='ltr'><strong>rio</strong></span> <span class='ocrx_word' id='word_1_192' title='bbox 157 2705 220 2766; x_wconf 85' lang='lat' dir='ltr'><strong>lere</strong></span> <span class='ocrx_word' id='word_1_193' title='bbox 242 2707 343 2766; x_wconf 89' lang='lat' dir='ltr'><strong>omnia</strong></span> <span class='ocrx_word' id='word_1_194' title='bbox 364 2703 510 2786; x_wconf 85' lang='lat' dir='ltr'><strong>pleniora,</strong></span> <span class='ocrx_word' id='word_1_195' title='bbox 534 2703 657 2765; x_wconf 86' lang='lat' dir='ltr'><strong>adiectis</strong></span> <span class='ocrx_word' id='word_1_196' title='bbox 679 2704 769 2762; x_wconf 85' lang='lat' dir='ltr'><strong>etiam</strong></span> <span class='ocrx_word' id='word_1_197' title='bbox 790 2723 880 2786; x_wconf 86' lang='lat' dir='ltr'><strong>saepe</strong></span> <span class='ocrx_word' id='word_1_198' title='bbox 900 2699 977 2766; x_wconf 86' lang='lat' dir='ltr'><strong>locis</strong></span> <span class='ocrx_word' id='word_1_199' title='bbox 996 2708 1185 2790; x_wconf 87' lang='lat' dir='ltr'><strong>scriptorum,</strong></span> 
     </span>
    </p>
   </div>
   <div class='ocr_carea' id='block_1_5' title="bbox 102 2805 1299 2887">
    <p class='ocr_par' dir='ltr' id='par_1_5' title="bbox 102 2805 1299 2887">
     <span class='ocr_line' id='line_1_25' title="bbox 102 2805 1299 2887; baseline 0.01 -22"><span class='ocrx_word' id='word_1_200' title='bbox 102 2805 260 2885; x_wconf 85' lang='lat' dir='ltr'><strong>habentur,</strong></span> <span class='ocrx_word' id='word_1_201' title='bbox 290 2810 333 2868; x_wconf 91' lang='lat' dir='ltr'><strong>ita</strong></span> <span class='ocrx_word' id='word_1_202' title='bbox 361 2821 397 2868; x_wconf 91' lang='lat' dir='ltr'><strong>ut</strong></span> <span class='ocrx_word' id='word_1_203' title='bbox 426 2827 501 2868; x_wconf 82' lang='lat' dir='ltr'><strong>vero</strong></span> <span class='ocrx_word' id='word_1_204' title='bbox 529 2807 668 2870; x_wconf 83' lang='lat' dir='ltr'><strong>videatur</strong></span> <span class='ocrx_word' id='word_1_205' title='bbox 696 2805 825 2867; x_wconf 87' lang='lat' dir='ltr'><strong>similius</strong></span> <span class='ocrx_word' id='word_1_206' title='bbox 853 2827 934 2884; x_wconf 86' lang='lat' dir='ltr'><strong>esse,</strong></span> <span class='ocrx_word' id='word_1_207' title='bbox 972 2808 1187 2876; x_wconf 87' lang='lat' dir='ltr'><strong>Grammaticos</strong></span> <span class='ocrx_word' id='word_1_208' title='bbox 1296 2881 1299 2887; x_wconf 62' lang='grc'>,</span> 
     </span>
    </p>
   </div>
   <div class='ocr_carea' id='block_1_6' title="bbox 36 2901 1186 3824">
    <p class='ocr_par' dir='ltr' id='par_1_6' title="bbox 36 2901 1186 3824">
     <span class='ocr_line' id='line_1_26' title="bbox 100 2901 1186 2998; baseline 0.006 -26"><span class='ocrx_word' id='word_1_209' title='bbox 100 2914 274 2974; x_wconf 85' lang='lat' dir='ltr'><strong>recentiores</strong></span> <span class='ocrx_word' id='word_1_210' title='bbox 297 2913 415 2972; x_wconf 86' lang='lat' dir='ltr'><strong>auxisse</strong></span> <span class='ocrx_word' id='word_1_211' title='bbox 437 2910 573 2972; x_wconf 86' lang='lat' dir='ltr'><strong>Moeride</strong></span> <span class='ocrx_word' id='word_1_212' title='bbox 595 2931 612 2972; x_wconf 89' lang='lat' dir='ltr'><strong>e</strong></span> <span class='ocrx_word' id='word_1_213' title='bbox 635 2901 885 2994; x_wconf 67' lang='lat' dir='ltr'><strong>Thomn****)‚</strong></span> <span class='ocrx_word' id='word_1_214' title='bbox 911 2909 967 2974; x_wconf 88' lang='lat' dir='ltr'><strong>aed</strong></span> <span class='ocrx_word' id='word_1_215' title='bbox 992 2927 1034 2986; x_wconf 51' lang='lat' dir='ltr'><strong>,ut</strong></span> <span class='ocrx_word' id='word_1_216' title='bbox 1055 2902 1186 2998; x_wconf 82' lang='lat' dir='ltr'><strong>prolecta</strong></span> 
     </span>
     <span class='ocr_line' id='line_1_27' title="bbox 102 3007 1186 3106; baseline 0.006 -30"><span class='ocrx_word' id='word_1_217' title='bbox 102 3007 193 3078; x_wconf 77' lang='lat' dir='ltr'><strong>imnia</strong></span> <span class='ocrx_word' id='word_1_218' title='bbox 213 3018 253 3077; x_wconf 87' lang='lat' dir='ltr'><strong>ab</strong></span> <span class='ocrx_word' id='word_1_219' title='bbox 273 3018 341 3100; x_wconf 79' lang='lat' dir='ltr'><strong>ipso</strong></span> <span class='ocrx_word' id='word_1_220' title='bbox 363 3015 499 3076; x_wconf 90' lang='lat' dir='ltr'><strong>Moeride</strong></span> <span class='ocrx_word' id='word_1_221' title='bbox 519 3015 777 3106; x_wconf 83' lang='lat' dir='ltr'><strong>existimarentur,</strong></span> <span class='ocrx_word' id='word_1_222' title='bbox 805 3036 905 3094; x_wconf 87' lang='lat' dir='ltr'><strong>neque</strong></span> <span class='ocrx_word' id='word_1_223' title='bbox 925 3015 1054 3100; x_wconf 82' lang='lat' dir='ltr'><strong>vestigia</strong></span> <span class='ocrx_word' id='word_1_224' title='bbox 1074 3019 1186 3084; x_wconf 85' lang='lat' dir='ltr'><strong>fraudis</strong></span> 
     </span>
     <span class='ocr_line' id='line_1_28' title="bbox 102 3115 1186 3209; baseline 0.004 -29"><span class='ocrx_word' id='word_1_225' title='bbox 102 3135 173 3183; x_wconf 85' lang='lat' dir='ltr'><strong>certa</strong></span> <span class='ocrx_word' id='word_1_226' title='bbox 193 3119 452 3202; x_wconf 87' lang='lat' dir='ltr'><strong>relinquerentur,</strong></span> <span class='ocrx_word' id='word_1_227' title='bbox 482 3119 618 3180; x_wconf 86' lang='lat' dir='ltr'><strong>omisisse</strong></span> <span class='ocrx_word' id='word_1_228' title='bbox 648 3115 721 3194; x_wconf 89' lang='lat' dir='ltr'><strong>alia,</strong></span> <span class='ocrx_word' id='word_1_229' title='bbox 750 3115 808 3178; x_wconf 87' lang='lat' dir='ltr'><strong>elia</strong></span> <span class='ocrx_word' id='word_1_230' title='bbox 836 3118 990 3209; x_wconf 81' lang='lat' dir='ltr'><strong>interdum</strong></span> <span class='ocrx_word' id='word_1_231' title='bbox 1016 3143 1186 3184; x_wconf 74' lang='lat' dir='ltr'><strong>accommo-</strong></span> 
     </span>
     <span class='ocr_line' id='line_1_29' title="bbox 101 3219 1186 3306; baseline 0 -22"><span class='ocrx_word' id='word_1_232' title='bbox 101 3224 181 3287; x_wconf 84' lang='lat' dir='ltr'><strong>dasse</strong></span> <span class='ocrx_word' id='word_1_233' title='bbox 202 3223 348 3306; x_wconf 86' lang='lat' dir='ltr'><strong>reliquis:</strong></span> <span class='ocrx_word' id='word_1_234' title='bbox 378 3225 551 3306; x_wconf 86' lang='lat' dir='ltr'><strong>praesertim</strong></span> <span class='ocrx_word' id='word_1_235' title='bbox 574 3244 668 3304; x_wconf 88' lang='lat' dir='ltr'><strong>quum</strong></span> <span class='ocrx_word' id='word_1_236' title='bbox 688 3221 739 3283; x_wconf 90' lang='lat' dir='ltr'><strong>isti</strong></span> <span class='ocrx_word' id='word_1_237' title='bbox 767 3221 903 3282; x_wconf 87' lang='lat' dir='ltr'><strong>homines</strong></span> <span class='ocrx_word' id='word_1_238' title='bbox 923 3219 1061 3284; x_wconf 88' lang='lat' dir='ltr'><strong>libellum</strong></span> <span class='ocrx_word' id='word_1_239' title='bbox 1082 3227 1186 3290; x_wconf 80' lang='lat' dir='ltr'><strong>Nostri</strong></span> 
     </span>
     <span class='ocr_line' id='line_1_30' title="bbox 100 3313 1185 3413; baseline 0.006 -25"><span class='ocrx_word' id='word_1_240' title='bbox 100 3323 324 3412; x_wconf 71' lang='lat' dir='ltr'><strong>iolloeupletare</strong></span> <span class='ocrx_word' id='word_1_241' title='bbox 354 3313 539 3390; x_wconf 80' lang='lat' dir='ltr'><strong>instituerint</strong></span> <span class='ocrx_word' id='word_1_242' title='bbox 568 3325 676 3410; x_wconf 79' lang='lat' dir='ltr'><strong>glossis</strong></span> <span class='ocrx_word' id='word_1_243' title='bbox 704 3323 809 3388; x_wconf 84' lang='lat' dir='ltr'><strong>alienis</strong></span> <span class='ocrx_word' id='word_1_244' title='bbox 837 3323 993 3410; x_wconf 86' lang='lat' dir='ltr'><strong>pluribus,</strong></span> <span class='ocrx_word' id='word_1_245' title='bbox 1035 3331 1117 3413; x_wconf 82' lang='lat' dir='ltr'><strong>quod</strong></span> <span class='ocrx_word' id='word_1_246' title='bbox 1146 3331 1185 3396; x_wconf 90' lang='lat' dir='ltr'><strong>de</strong></span> 
     </span>
     <span class='ocr_line' id='line_1_31' title="bbox 99 3431 1186 3518; baseline 0.005 -25"><span class='ocrx_word' id='word_1_247' title='bbox 99 3434 235 3504; x_wconf 88' lang='lat' dir='ltr'><strong>Thumae</strong></span> <span class='ocrx_word' id='word_1_248' title='bbox 253 3431 412 3516; x_wconf 86' lang='lat' dir='ltr'><strong>Eclogario</strong></span> <span class='ocrx_word' id='word_1_249' title='bbox 434 3453 497 3493; x_wconf 91' lang='lat' dir='ltr'><strong>non</strong></span> <span class='ocrx_word' id='word_1_250' title='bbox 524 3431 566 3491; x_wconf 91' lang='lat' dir='ltr'><strong>ita</strong></span> <span class='ocrx_word' id='word_1_251' title='bbox 589 3444 669 3492; x_wconf 89' lang='lat' dir='ltr'><strong>certo</strong></span> <span class='ocrx_word' id='word_1_252' title='bbox 700 3442 832 3508; x_wconf 86' lang='lat' dir='ltr'><strong>constat,</strong></span> <span class='ocrx_word' id='word_1_253' title='bbox 860 3451 957 3510; x_wconf 89' lang='lat' dir='ltr'><strong>neque</strong></span> <span class='ocrx_word' id='word_1_254' title='bbox 988 3451 1006 3492; x_wconf 85' lang='lat' dir='ltr'><strong>a</strong></span> <span class='ocrx_word' id='word_1_255' title='bbox 1035 3455 1186 3518; x_wconf 88' lang='lat' dir='ltr'><strong>quoquam</strong></span> 
     </span>
     <span class='ocr_line' id='line_1_32' title="bbox 98 3533 1184 3618; baseline 0.006 -22"><span class='ocrx_word' id='word_1_256' title='bbox 98 3537 194 3598; x_wconf 84' lang='lat' dir='ltr'><strong>adhue</strong></span> <span class='ocrx_word' id='word_1_257' title='bbox 216 3550 282 3614; x_wconf 89' lang='lat' dir='ltr'><strong>est,</strong></span> <span class='ocrx_word' id='word_1_258' title='bbox 313 3537 394 3618; x_wconf 90' lang='lat' dir='ltr'><strong>quod</strong></span> <span class='ocrx_word' id='word_1_259' title='bbox 416 3537 525 3612; x_wconf 86' lang='lat' dir='ltr'><strong>sciam,</strong></span> <span class='ocrx_word' id='word_1_260' title='bbox 548 3537 750 3596; x_wconf 87' lang='lat' dir='ltr'><strong>observatum.</strong></span> <span class='ocrx_word' id='word_1_261' title='bbox 794 3533 915 3594; x_wconf 88' lang='lat' dir='ltr'><strong>Etenim</strong></span> <span class='ocrx_word' id='word_1_262' title='bbox 948 3557 1009 3598; x_wconf 91' lang='lat' dir='ltr'><strong>non</strong></span> <span class='ocrx_word' id='word_1_263' title='bbox 1039 3537 1138 3600; x_wconf 86' lang='lat' dir='ltr'><strong>solum</strong></span> <span class='ocrx_word' id='word_1_264' title='bbox 1167 3563 1184 3602; x_wconf 91' lang='lat' dir='ltr'><strong>e</strong></span> 
     </span>
     <span class='ocr_line' id='line_1_33' title="bbox 98 3637 1184 3726; baseline 0 -24"><span class='ocrx_word' id='word_1_265' title='bbox 98 3641 233 3718; x_wconf 83' lang='lat' dir='ltr'><strong>Timaeo,</strong></span> <span class='ocrx_word' id='word_1_266' title='bbox 254 3641 300 3701; x_wconf 92' lang='lat' dir='ltr'><strong>uti</strong></span> <span class='ocrx_word' id='word_1_267' title='bbox 322 3640 603 3716; x_wconf 86' lang='lat' dir='ltr'><strong>demonstravimus,</strong></span> <span class='ocrx_word' id='word_1_268' title='bbox 627 3652 657 3698; x_wconf 89' lang='lat' dir='ltr'><strong>et</strong></span> <span class='ocrx_word' id='word_1_269' title='bbox 673 3639 804 3714; x_wconf 89' lang='lat' dir='ltr'><strong>Thoma,</strong></span> <span class='ocrx_word' id='word_1_270' title='bbox 826 3637 878 3698; x_wconf 90' lang='lat' dir='ltr'><strong>sed</strong></span> <span class='ocrx_word' id='word_1_271' title='bbox 901 3661 917 3699; x_wconf 92' lang='lat' dir='ltr'><strong>e</strong></span> <span class='ocrx_word' id='word_1_272' title='bbox 938 3639 1032 3701; x_wconf 86' lang='lat' dir='ltr'><strong>Suida</strong></span> <span class='ocrx_word' id='word_1_273' title='bbox 1054 3665 1184 3726; x_wconf 78' lang='lat' dir='ltr'><strong>quoque,</strong></span> 
     </span>
     <span class='ocr_line' id='line_1_34' title="bbox 36 3739 1183 3824; baseline 0.003 -18"><span class='ocrx_word' id='word_1_274' title='bbox 36 3763 37 3768; x_wconf 51' lang='lat'>¹</span> <span class='ocrx_word' id='word_1_275' title='bbox 97 3746 127 3806; x_wconf 93' lang='lat' dir='ltr'><strong>in</strong></span> <span class='ocrx_word' id='word_1_276' title='bbox 148 3739 247 3817; x_wconf 74' lang='grc' dir='ltr'><em>λέξεις</em></span> <span class='ocrx_word' id='word_1_277' title='bbox 267 3744 371 3807; x_wconf 87' lang='lat' dir='ltr'><strong>Nostri</strong></span> <span class='ocrx_word' id='word_1_278' title='bbox 390 3741 486 3804; x_wconf 84' lang='lat' dir='ltr'><strong>aliena</strong></span> <span class='ocrx_word' id='word_1_279' title='bbox 508 3741 601 3804; x_wconf 88' lang='lat' dir='ltr'><strong>multa</strong></span> <span class='ocrx_word' id='word_1_280' title='bbox 622 3741 775 3804; x_wconf 75' lang='lat' dir='ltr'><strong>derivavit</strong></span> <span class='ocrx_word' id='word_1_281' title='bbox 795 3741 897 3824; x_wconf 88' lang='lat' dir='ltr'><strong>inepta</strong></span> <span class='ocrx_word' id='word_1_282' title='bbox 917 3743 1183 3810; x_wconf 74' lang='lat' dir='ltr'><strong>Grammaticorum</strong></span> 
     </span>
    </p>
   </div>
   <div class='ocr_carea' id='block_1_7' title="bbox 95 3921 1181 4256">
    <p class='ocr_par' dir='ltr' id='par_1_7' title="bbox 95 3921 1181 4256">
     <span class='ocr_line' id='line_1_35' title="bbox 127 3921 814 3998; baseline -0.006 -16"><span class='ocrx_word' id='word_1_283' title='bbox 127 3933 158 3998; x_wconf 74' lang='lat'><strong>*)</strong></span> <span class='ocrx_word' id='word_1_284' title='bbox 178 3931 262 3983; x_wconf 85' lang='lat' dir='ltr'><strong>Catal.</strong></span> <span class='ocrx_word' id='word_1_285' title='bbox 282 3925 408 3981; x_wconf 85' lang='lat' dir='ltr'><strong>Biblioth.</strong></span> <span class='ocrx_word' id='word_1_286' title='bbox 426 3927 594 3978; x_wconf 82' lang='lat' dir='ltr'><strong>Coleliuianae</strong></span> <span class='ocrx_word' id='word_1_287' title='bbox 612 3945 638 3994; x_wconf 83' lang='lat' dir='ltr'><strong>p.</strong></span> <span class='ocrx_word' id='word_1_288' title='bbox 655 3921 814 3996; x_wconf 58' lang='lat' dir='ltr'><strong>inq-481.</strong></span> 
     </span>
     <span class='ocr_line' id='line_1_36' title="bbox 128 3997 818 4086; baseline -0.009 -18"><span class='ocrx_word' id='word_1_289' title='bbox 128 4017 174 4084; x_wconf 66' lang='lat' dir='ltr'><strong>ar)</strong></span> <span class='ocrx_word' id='word_1_290' title='bbox 191 4015 275 4085; x_wconf 64' lang='lat' dir='ltr'><strong>nuga.</strong></span> <span class='ocrx_word' id='word_1_291' title='bbox 296 4015 353 4067; x_wconf 65' lang='lat' dir='ltr'><strong>nat.</strong></span> <span class='ocrx_word' id='word_1_292' title='bbox 374 4013 411 4065; x_wconf 80' lang='lat' dir='ltr'><strong>a.</strong></span> <span class='ocrx_word' id='word_1_293' title='bbox 433 3997 818 4086; x_wconf 72' lang='lat' dir='ltr'><strong>c.010100ctrv.0cnnu.</strong></span> 
     </span>
     <span class='ocr_line' id='line_1_37' title="bbox 95 4099 589 4176; baseline -0.008 -21"><span class='ocrx_word' id='word_1_294' title='bbox 95 4158 103 4176; x_wconf 61' lang='grc'><strong>,</strong></span> <span class='ocrx_word' id='word_1_295' title='bbox 130 4103 191 4168; x_wconf 66' lang='lat' dir='ltr'><strong>m)</strong></span> <span class='ocrx_word' id='word_1_296' title='bbox 211 4101 319 4154; x_wconf 65' lang='lat' dir='ltr'><strong>osen.</strong></span> <span class='ocrx_word' id='word_1_297' title='bbox 338 4100 373 4152; x_wconf 76' lang='lat' dir='ltr'><strong>ra.</strong></span> <span class='ocrx_word' id='word_1_298' title='bbox 393 4099 423 4150; x_wconf 80' lang='lat' dir='ltr'><strong>r.</strong></span> <span class='ocrx_word' id='word_1_299' title='bbox 442 4117 470 4168; x_wconf 71' lang='lat' dir='ltr'><strong>p.</strong></span> <span class='ocrx_word' id='word_1_300' title='bbox 492 4099 550 4152; x_wconf 74' lang='lat'><strong>144.</strong></span> <span class='ocrx_word' id='word_1_301' title='bbox 587 4121 589 4131; x_wconf 40' lang='grc' dir='ltr'><strong><em>ι</em></strong></span> 
     </span>
     <span class='ocr_line' id='line_1_38' title="bbox 131 4179 1181 4256; baseline -0.007 -15"><span class='ocrx_word' id='word_1_302' title='bbox 131 4188 205 4256; x_wconf 61' lang='lat' dir='ltr'><strong>W)</strong></span> <span class='ocrx_word' id='word_1_303' title='bbox 233 4189 291 4241; x_wconf 88' lang='lat' dir='ltr'><strong>lure</strong></span> <span class='ocrx_word' id='word_1_304' title='bbox 317 4188 382 4240; x_wconf 84' lang='lat' dir='ltr'><strong>hanc</strong></span> <span class='ocrx_word' id='word_1_305' title='bbox 408 4179 522 4238; x_wconf 81' lang='lat' dir='ltr'><strong>Fischeri</strong></span> <span class='ocrx_word' id='word_1_306' title='bbox 550 4185 701 4238; x_wconf 84' lang='lat' dir='ltr'><strong>seutentiam</strong></span> <span class='ocrx_word' id='word_1_307' title='bbox 724 4181 871 4252; x_wconf 82' lang='lat' dir='ltr'><strong>reprobarit</strong></span> <span class='ocrx_word' id='word_1_308' title='bbox 892 4181 1027 4236; x_wconf 78' lang='lat' dir='ltr'><strong>Pieraonus</strong></span> <span class='ocrx_word' id='word_1_309' title='bbox 1050 4185 1078 4238; x_wconf 85' lang='lat' dir='ltr'><strong>in</strong></span> <span class='ocrx_word' id='word_1_310' title='bbox 1101 4185 1181 4237; x_wconf 80' lang='lat' dir='ltr'><strong>Prtel.</strong></span> 
     </span>
    </p>
   </div>
   <div class='ocr_carea' id='block_1_8' title="bbox 167 4269 463 4341">
    <p class='ocr_par' dir='ltr' id='par_1_8' title="bbox 167 4269 463 4341">
     <span class='ocr_line' id='line_1_39' title="bbox 167 4269 463 4341; baseline -0.003 -15"><span class='ocrx_word' id='word_1_311' title='bbox 167 4291 194 4341; x_wconf 76' lang='lat' dir='ltr'><strong>p.</strong></span> <span class='ocrx_word' id='word_1_312' title='bbox 211 4275 299 4330; x_wconf 70' lang='lat' dir='ltr'><strong>xvl„</strong></span> <span class='ocrx_word' id='word_1_313' title='bbox 326 4273 359 4326; x_wconf 86' lang='lat' dir='ltr'><strong>G.</strong></span> <span class='ocrx_word' id='word_1_314' title='bbox 380 4272 411 4325; x_wconf 78' lang='grc' dir='ltr'><strong>Δ.</strong></span> <span class='ocrx_word' id='word_1_315' title='bbox 428 4269 463 4326; x_wconf 84' lang='lat' dir='ltr'><strong>K.</strong></span> 
     </span>
    </p>
   </div>
   <div class='ocr_carea' id='block_1_9' title="bbox 0 0 1426 4946">
    <p class='ocr_par' dir='ltr' id='par_1_9' title="bbox 0 0 1426 4946">
     <span class='ocr_line' id='line_1_40' title="bbox 0 0 1426 4946; baseline 0 4"><span class='ocrx_word' id='word_1_316' title='bbox 0 0 1426 4946; x_wconf 95' lang='lat' dir='ltr'><strong> </strong></span> 
     </span>
    </p>
   </div>
  </div>
 </body>
</html>
