2860 4942
1151 343 1199 391 CV

193 461 285 548 Peg.
317 463 393 527 446.
438 463 487 525 De
513 465 659 548 scripture
686 460 816 548 Σμύρνα
849 479 878 528 et
906 455 1032 554 Ζμῦρνα
1061 470 1199 536 consules

104 565 328 653 Goettlingium
347 568 388 630 ad
410 568 566 632 Theodos.
589 570 722 634 Gsamm.
745 593 777 654 p.
799 575 876 642 225.

193 723 283 810 Peg.
310 727 384 788 423.
414 715 527 796 ’Έιους
557 709 647 808 iique.
688 727 730 792 V.
760 725 963 790 Boissonedus
993 728 1031 790 ed
1060 729 1199 794 Philostr.

18 835 20 888 ἶ
101 829 181 893 Her.
214 851 247 912 p.
274 834 346 891 186.
376 829 415 890 ad
444 831 563 914 Euuap.
591 853 622 912 p.
648 837 722 895 186.
752 845 783 891 et
812 831 864 912 qni
892 834 1009 916 egregie
1031 832 1201 904 illustravit,

18 949 19 956 ³
100 933 365 1015 wyttenbachius
386 933 425 994 ad
447 933 578 994 eundem
597 935 718 1018 Eunap.
742 935 781 996 T.
792 935 830 998 ll.
853 939 1011 1020 p.59.60.
1034 937 1081 1002 ed.
1098 939 1198 1002 uoiss.

192 1083 284 1174 Peg.
304 1089 379 1153 ⁴25.
422 1082 589 1172 Στλεργλς,
611 1083 633 1170 ἡ
654 1079 782 1172 {iorem
808 1090 989 1154 scholiastes
1010 1089 1144 1155 Platonis
1165 1095 1197 1155 in

101 1190 263 1260 Charmid.
290 1215 323 1275 p.
349 1198 421 1254 161.
439 1195 479 1256 Ε.
508 1217 538 1276 p.
562 1195 637 1256 324.
666 1194 713 1261 ed.
735 1195 831 1256 Bella.
871 1189 1035 1278 Σελεργὶς,
1064 1189 1197 1280 ξῦστρα·

101 1282 262 1358 adsedisse
283 1291 320 1358 dd
341 1291 362 1378 ἡ
384 1293 442 1358 τοῦ
462 1284 603 1374 καλάμου
623 1287 703 1378 κόμη
724 1285 810 1380 παρὰ
826 1287 994 1377 Λάκωσιν,
1016 1283 1038 1383 ᾖ
1058 1289 1199 1378 direptio-

101 1417 212 1464 σοντο.
232 1395 458 1482 στλεγγίσματο
479 1392 515 1460 δὲ
537 1387 577 1460 rei
595 1387 812 1481 περιξῦσματα
833 1400 879 1485 (v.
894 1402 1026 1464 Bruuch.
1044 1404 1083 1464 ad
1097 1401 1199 1486 Apoll.

101 1502 412 1572 Rhoe.ue.1v.v.
435 1505 535 1586 653).
561 1503 675 1588 κυρίας
698 1496 733 1564 δὲ
755 1495 926 1584 καλάμιναι
954 1494 1095 1586 ξῦστραι.
1126 1502 1200 1568 odd

105 1593 319 1692 θυατειρηνῦς
348 1601 511 1690 στλεγγίδα
542 1602 598 1687 μὲν
629 1593 689 1686 τὴν
714 1597 868 1691 ξύστραν,
904 1601 1071 1692 στλαῃίῦα
1099 1603 1135 1670 δὲ
1163 1602 1199 1672 τὸ

102 1707 242 1793 χρυσοῦν
261 1701 442 1789 στεφᾶνιον.
486 1713 527 1772 Et
547 1713 580 1773 in
600 1712 698 1794 Hipp.
718 1711 799 1778 Min.
820 1735 852 1796 p.
876 1714 951 1776 334.
996 1705 1199 1794 zelantes,

18 1877 20 1898 4
101 1803 241 1896 ξῦοτρα,
271 1811 325 1878 καλ
345 1803 588 1896 στλεγγιζόμενοι
617 1817 648 1877 oi
668 1801 893 1896 ἀποξυόμενοι,
922 1800 940 1878 ii
969 1813 1037 1878 dosa
1062 1805 1180 1890 κτενιζ’

18 1961 19 1968 .
101 1937 205 1994 μενοι.
226 1913 367 2001 στλεμγλς
385 1907 443 1999 γὰρ
462 1907 501 1978 τὸ
521 1917 652 1994 atteror,
673 1914 714 1990 ὡς
731 1911 950 2003 Ἀριστοφάνης
971 1911 1060 2003 Γήρα
1081 1953 1125 1970 ·-
1146 1917 1199 1982 καὶ

101 2015 325 2086 Δαιταλεῦσιν.
344 2053 390 2068 -
409 2017 551 2084 καλεῖται
570 2016 605 2082 dd
625 2017 765 2106 στλεγμὶς
791 2021 844 2085 καὶ
865 2019 1000 2106 χρυσοῦν
1019 2019 1139 2104 ἔλασμα
1160 2009 1203 2086 τῦ

101 2121 177 2208 περὶ
206 2121 250 2210 τῇ
279 2119 400 2210 κεφαλῇ
427 2121 491 2185 νῦν
512 2124 674 2206 γυναικοῖν.
717 2129 852 2189 Lexioon
880 2127 1006 2190 Lucian.
1037 2131 1070 2190 in
1099 2129 1199 2190 Bach-

104 2231 208 2290 manni
231 2231 291 2298 An.
311 2227 365 2291 Gr.
398 2228 469 2292 Vol.
490 2229 527 2290 11.
562 2253 594 2314 p.
617 2230 692 2308 344,
715 2232 769 2294 34.
812 2224 978 2312 Στλεμγλς,
1014 2225 1035 2310 ἡ
1071 2223 1198 2312 ξῦστρα.

103 2331 205 2394 ἔοικεν
237 2327 272 2394 di
302 2319 339 2394 rb
366 2331 487 2394 κτένιοι
509 2319 608 2404 οῦτοις
636 2327 752 2396 καλεῖν.
784 2333 853 2396 coll.
875 2333 948 2398 Vol.
969 2334 993 2394 Ι.
1016 2355 1049 2416 ρ.
1074 2340 1145 2409 119,
1168 2341 1199 2396 2.

101 2435 260 2498 Lobeclrio
281 2435 318 2500 ad
340 2437 456 2518 Phryn.
477 2461 511 2522 p.
535 2443 609 2502 299.
641 2439 830 2514 observanti3
860 2435 992 2500 melioris
1014 2413 1199 2500 notae⁵scri·

102 2555 207 2624 ptores
228 2563 289 2602 uon
310 2563 470 2625 usurpasse
489 2563 596 2603 vocem
619 2527 755 2624 ξύστρα,
788 2545 926 2623 quamvis
959 2556 1066 2604 testem
1087 2542 1199 2604 habea-

103 2666 173 2708 mus
194 2645 394 2728 Archippum,
417 2647 529 2708 veteris
551 2645 720 2708 comoedias
742 2653 879 2731 potitam,
901 2645 1038 2708 lubenter
1061 2647 1201 2730 equidem

103 2750 261 2812 accedamr
288 2749 397 2812 sedin
418 2749 592 2812 Herodiano
624 2751 706 2832 quod
727 2751 863 2812 emendat
886 2743 922 2812 οῦ
943 2739 1080 2834 ξῦστρα,
1108 2753 1140 2812 in
1162 2771 1199 2812 eo
1281 2815 1284 2824 f

104 2876 208 2914 secum
230 2876 280 2914 me
301 2875 362 2916 non
383 2853 473 2914 habet
495 2856 740 2918 consentientem.
769 2858 891 2916 Etenim
912 2855 1106 2918 Grammatici
1127 2877 1198 2918 seu·

104 2960 229 3018 tentiam
252 2957 324 3038 quin
346 2959 467 3039 penitus
487 2959 689 3040 perspexerit,
721 2958 811 3020 valde
844 2961 958 3023 dubito.
1003 2959 1077 3018 Tria
1099 2971 1200 3019 autem

104 3063 295 3144 potissimum
316 3081 393 3124 voce
414 3053 555 3144 orleyyie
576 3063 757 3144 significasse
777 3063 921 3124 videntur
943 3075 1059 3122 veteres
1083 3059 1200 3128 Graeci.

19 3205 20 3210 κ
105 3169 153 3226 Ao
173 3166 306 3248 primum
328 3165 460 3247 quidem,
484 3189 559 3246 ques
582 3169 665 3229 notio
686 3169 824 3250 princeps
846 3167 1010 3246 eademque
1031 3167 1102 3224 satis
1121 3166 1199 3241 trita,

104 3271 338 3332 instrumentum
360 3269 511 3350 quoddam
533 3272 577 3332 sio
599 3271 731 3350 dictum,
753 3291 833 3352 quo,
862 3271 914 3351 qui
935 3269 973 3330 ed
995 3267 1117 3330 balneas
1140 3271 1201 3328 ita·
1289 3277 1294 3292 ¹

105 3387 248 3436 tentant
275 3377 310 3435 in
337 3373 514 3456 palaestram
547 3375 778 3450 descenderent,
807 3375 845 3436 ad
876 3387 975 3436 cutem
1003 3371 1200 3434 abradendam

106 3480 244 3560 cutisque
265 3477 405 3540 sudorem
426 3479 654 3564 abstergendum
676 3483 724 3543 osi
746 3493 829 3543 sunt.
872 3477 998 3560 Propter
1027 3476 1201 3540 similitudi-

106 3605 177 3644 nem
198 3583 317 3661 deinde,
340 3583 372 3642 ni
390 3579 496 3662 lallor,
518 3583 663 3646 muliebre
685 3585 834 3666 quoddam
857 3583 961 3664 capitia
983 3596 1201 3659 ornamentum,

107 3709 198 3749 aures
218 3687 351 3750 fortassis
369 3687 485 3747 bractea
501 3686 533 3746 in
557 3687 649 3750 culmi
676 3689 800 3750 formam
827 3687 985 3766 desinens,
1016 3707 1052 3748 eo
1082 3687 1202 3748 nomine

108 3795 277 3876 signatum,
306 3813 365 3873 quo
389 3791 428 3853 de
455 3789 593 3855 consulas
622 3791 789 3855 Casauboni
817 3791 1003 3860 Animadvv.
1033 3794 1064 3852 iu
1089 3791 1201 3858 Athen.

109 3895 166 3962 lib.
187 3897 259 3960 XV.
282 3919 350 3979 cap.
372 3895 401 3958 4.
424 3919 456 3979 p.
479 3901 556 3961 952.
578 3911 608 3958 et
630 3897 815 3958 Boeolshium
836 3898 868 3956 in
890 3893 1033 3980 singulari
1054 3895 1108 3960 illo
1130 3917 1215 3979 perv

111 4001 206 4062 fectae
239 4001 423 4083 antiquitatis
451 3999 627 4084 disciplinae
667 3999 826 4083 exemplo,
864 3997 1108 4064 Staatsbaushalt.
1152 3999 1205 4062 der

114 4103 246 4168 Athenae
283 4107 324 4174 T.
344 4107 382 4166 11.
422 4113 550 4191 peso.
603 4107 707 4168 Tertia
742 4119 876 4190 superest
912 4106 1103 4192 significatio,
1146 4125 1205 4184 qua
1261 4085 1268 4153 l

115 4204 252 4294 oriende
274 4211 432 4300 siphonem
458 4233 523 4276 esso
544 4210 665 4290 dicunt,
697 4233 750 4294 per
780 4234 871 4295 quem
897 4214 929 4274 ie
960 4210 1040 4274 dolia
1062 4209 1207 4272 insertum
