2844 4946
250 279 330 330 LXX

250 417 336 478 cismi
358 427 493 474 normam
525 419 654 466 statuero
681 425 743 466 nou
771 406 898 484 debuit,
939 401 976 468 ad
1005 427 1097 490 quam
1124 405 1215 491 longe
1240 407 1343 492 plnres

249 518 355 580 aliiae
377 514 445 599 cogi
466 531 528 572 non
548 511 712 594 patiuntur.
755 507 842 572 Adeo
864 509 974 573 falsum
994 525 1058 590 est,
1090 513 1190 576 minus
1212 513 1345 576 Atticam

252 645 317 688 esse
337 621 465 682 formam
486 613 682 696 trisyllabum,
704 613 791 674 utin
813 613 964 696 plerisque
985 615 1079 694 locis,
1102 620 1156 678 ubi
1177 619 1257 702 apud
1280 618 1336 680 Co·

251 729 364 790 micum
384 721 530 800 occurrit,
566 717 658 780 altera
684 740 740 802 per
767 720 855 780 mebi
885 719 984 804 legem
1012 743 1051 781 na
1086 719 1188 784 locum
1218 724 1343 804 quidem

250 833 362 898 babere
383 826 488 912 possit.
530 824 609 888 Nam
631 836 712 884 certo
733 826 843 886 certius
864 837 928 903 est,
950 827 1077 910 primam
1099 828 1132 886 in
1151 817 1252 909 ἔθροι
1273 847 1343 890 cor-

249 939 326 1022 ripi,
352 933 434 1016 quod
454 945 521 994 tum
542 949 582 990 ex
601 927 737 1012 analogia
757 927 869 1010 liquet,
901 943 967 990 tum
989 951 1027 991 ex
1050 931 1139 991 unico
1160 930 1231 1009 illo,
1262 932 1345 1013 quod

249 1041 342 1104 modo
356 1037 430 1117 dixi,
445 1031 602 1117 exemplar
624 1027 771 1106 ἑστῶτας,
790 1017 894 1116 ὥσπερ
909 1019 985 1104 τοὺς
1001 1023 1192 1117 ὀρεωκόμους
1206 1025 1342 1118 ἄθρους.

248 1143 380 1210 Proinde
408 1137 513 1202 melior
541 1149 603 1199 arat
630 1138 765 1220 priorum
788 1135 934 1200 Moeridis
960 1137 1127 1223 editionum
1154 1137 1262 1218 lectio,
1293 1142 1344 1202 cui

250 1249 382 1316 concinit
412 1244 547 1308 Thomas
574 1241 659 1324 Mag.
686 1227 826 1321 ἀθρόος,
843 1229 997 1301 Ἀττικοί.
1017 1235 1075 1302 οὐκ
1095 1233 1250 1326 ἄθρους.“
1292 1245 1341 1318 Cf.

249 1350 379 1419 Murcia.
402 1361 432 1412 et
448 1344 622 1426 Verbaycir.
644 1343 683 1404 ad
702 1345 816 1412 Anton.
838 1343 912 1410 Lib.
938 1367 1007 1430 cap.
1028 1347 1084 1414 24.
1104 1372 1134 1432 Ρ.
1160 1354 1236 1416 162.
1267 1349 1343 1414 Ἐο-

247 1457 336 1523 beck.
357 1454 394 1515 ad
415 1453 531 1532 Phryn·
550 1471 582 1531 p.
604 1449 679 1512 234.
702 1449 879 1514 Buttmann.
902 1448 1039 1514 Gramm.
1061 1451 1117 1516 Gr.
1139 1453 1231 1537 ampl.
1252 1455 1294 1520 T.
1315 1457 1344 1518 1.

247 1587 280 1646 p.
304 1559 379 1624 248.
401 1543 523 1636 ἀθρόος
544 1552 626 1636 legas
647 1552 739 1614 etiam
759 1575 808 1634 ap.
829 1554 986 1618 Theocrit.
1008 1557 1053 1618 ld.
1069 1559 1152 1619 XIII.
1172 1579 1204 1622 v,
1220 1563 1273 1624 50.
1290 1565 1345 1622 51.

246 1665 355 1728 XXV.
381 1683 415 1724 v.
437 1663 512 1722 252.
553 1655 661 1738 Antip.
690 1653 795 1716 Sidon.
817 1655 927 1720 LXllL
953 1659 1130 1742 Apollonid.
1152 1661 1223 1727 XV.
1267 1665 1346 1726 Item

247 1769 355 1846 Plato,
386 1759 584 1842 Thucydides
613 1772 644 1820 st
662 1759 835 1842 Xenophon
865 1757 991 1843 [ormam
1022 1763 1171 1846 solutam,
1217 1769 1244 1830 si
1267 1769 1347 1831 beno

246 1871 383 1946 memini,
406 1865 552 1928 constanti
566 1883 626 1925 usu
643 1866 817 1946 probarunt,
840 1887 968 1946 quorum
990 1869 1165 1952 exemplum
1178 1869 1229 1931 aiii
1244 1875 1345 1936 secuti

248 1989 337 2054 suut;
368 1993 402 2038 v.
424 1969 544 2036 Scbaei.
565 1967 663 2030 Praei.
692 1969 731 2028 ad
759 1967 882 2034 Pindar.
909 1992 941 2052 p.
964 1969 1032 2032 VII.
1054 1994 1100 2054 sq·
1129 1975 1176 2036 ed.
1207 1978 1350 2040 Taucbn.

247 2083 297 2142 De
319 2078 415 2140 forma
435 2057 557 2154 ἁθρόος
577 2071 729 2134 Porsonus
749 2057 798 2132 'ad
818 2074 911 2134 Hom.
934 2072 1046 2154 Odyss.
1060 2077 1087 2144 I.
1110 2099 1140 2138 v.
1158 2085 1213 2148 27.
1236 2083 1276 2144 T.
1287 2083 1348 2146 111.

247 2208 281 2268 Ρ.
304 2189 354 2244 11.
377 2178 425 2248 ed.
446 2174 565 2239 Sabaei.
588 2175 708 2237 Moerin
730 2190 841 2256 autem,
864 2199 958 2260 quum
981 2192 1011 2240 et
1032 2179 1105 2241 alibi
1126 2185 1350 2250 vocabulorum

246 2288 358 2350 iormas
380 2297 521 2364 tauquam
543 2281 659 2342 Atticas
682 2279 802 2360 afferat,
833 2301 960 2362 quarum
982 2286 1103 2346 nonnisi
1123 2309 1219 2351 unum
1245 2293 1349 2373 speci·

134 2456 135 2464 Ρ
246 2414 318 2454 men
341 2389 429 2452 nobis
450 2375 608 2462 innotuit,
636 2379 687 2444 hic
717 2407 836 2466 quoque
865 2383 903 2446 ad
932 2383 1107 2472 exemplum
1136 2395 1261 2454 unicum
1290 2418 1349 2458 seu

247 2495 344 2556 rarius
364 2489 532 2572 respexisse
561 2489 721 2548 arbitratur
744 2483 990 2574 Tengstroemius
1020 2489 1041 2554 l.
1064 2515 1088 2554 c·
1110 2517 1141 2578 p.
1166 2503 1197 2560 8.
1242 2499 1348 2562 Cano-

248 2619 319 2660 nem
341 2593 556 2656 Dawesiauum
577 2590 660 2672 quod
681 2593 804 2668 attinet,
834 2594 872 2654 de
900 2609 1048 2677 potestate
1071 2597 1254 2679 liquidarum
1274 2620 1353 2686 post

247 2717 353 2763 tenues
376 2712 406 2760 et
427 2699 586 2780 aspiratos,
616 2699 649 2757 in
677 2695 895 2758 dubitationem
923 2699 1011 2762 illum
1039 2703 1222 2766 aPierscno
1248 2727 1353 2769 voca-

247 2819 331 2881 tum,
352 2801 575 2862 defendendum
604 2802 638 2860 in
669 2821 702 2862 se
733 2803 864 2883 suscepit
883 2803 945 2872 Th.
968 2807 1108 2890 Bargasa.
1138 2809 1170 2867 in
1199 2809 1350 2894 Append.

246 2909 287 2968 ad
314 2903 442 2967 Miscell.
472 2903 559 2969 crite.
588 2927 620 2988 p.
645 2905 723 2967 452.
752 2903 892 2967 laudatus
930 2923 1087 2993 propterea
1118 2913 1271 2976 Bruncbio
1307 2923 1351 2980 ad

246 3011 405 3094 Aristopb.
427 3007 616 3092 Thesmopb.
647 3027 680 3071 v.
707 3011 784 3074 169.
811 3009 929 3093 (175).

333 3166 418 3248 Peg.
441 3169 493 3228 19.
531 3153 699 3241 ’'Aonawv
718 3177 775 3225 etc.
803 3167 915 3228 Forma
935 3156 1074 3244 ἄφυκτος
1095 3171 1176 3254 apud
1198 3175 1346 3260 Tragicos
1409 3167 1410 3176 ἵ

247 3272 399 3353 frequens,
421 3290 470 3330 ex.
496 3291 526 3334 c.
559 3264 702 3349 Aeschyl.
730 3265 831 3334 Prcm.
860 3275 992 3338 v.911.
1016 3275 1113 3341 1024.
1157 3277 1286 3346 Eumeu.
1308 3303 1344 3346 v.

246 3379 322 3438 765.
344 3387 401 3438 etc.
436 3361 587 3450 ἀνάφυξις
615 3370 691 3434 Plat.
721 3371 760 3434 da
789 3373 883 3458 Legg.
915 3373 971 3442 lib.
992 3373 1049 3438 lv.
1076 3401 1108 3460 p.
1131 3383 1209 3444 350.
1245 3383 1349 3450 Bekk.

244 3477 297 3562 Ι(Ρ.
320 3483 395 3540 713.
418 3479 455 3537 Ε.
479 3477 553 3558 St.).
596 3475 658 3536 Sed
679 3475 760 3558 apud
782 3479 941 3559 scriptores
962 3477 1080 3543 Atticos
1101 3505 1199 3566 neque
1221 3485 1353 3552 alterius

245 3581 360 3642 formae
382 3579 520 3662 exempla
540 3579 662 3644 desunt.
684 3575 724 3643 V.
743 3579 877 3642 Lobecb.
900 3581 939 3643 ad
960 3579 1076 3664 Pbryn.
1098 3611 1132 3670 p.
1155 3589 1232 3658 726.
1255 3591 1355 3669 Quae

245 3685 375 3768 varietas
403 3683 527 3745 fortasse
556 3683 700 3766 explicari
726 3697 826 3767 potest
855 3707 895 3746 ox
933 3707 991 3748 usu
1017 3688 1185 3753 Praesentis
1214 3681 1357 3776 φεύγειν

244 3811 301 3873 pro
320 3774 448 3869 φυγέῖν,
469 3785 508 3846 de
529 3809 589 3868 quo
616 3788 734 3848 monuit
752 3787 878 3850 Heindi.
909 3788 949 3850 ad
969 3787 1046 3858 Plat.
1068 3793 1186 3880 Protag.
1207 3821 1240 3879 p.
1263 3799 1356 3870 463.

246 3885 380 3978 (ἀδικεῖν
400 3913 456 3973 pro
478 3889 635 3968 Perfecto,
683 3891 803 3972 dequo
831 3889 912 3952 idem
940 3893 1070 3976 ibidem,
1113 3912 1159 3961 est
1189 3901 1279 3962 etiam
1310 3905 1358 3969 iu

244 3994 399 4078 Aristoph.
429 3993 616 4078 Thesmopb.
644 4015 677 4058 v.
701 3995 805 4076 384).
849 3995 1085 4062 Tnacsunorn.

330 4145 429 4212 lbid.
478 4137 691 4230 Ἀχθήσεται.
733 4151 783 4212 Ex
812 4151 883 4230 ,boc
927 4168 1086 4239 praecepto
1129 4157 1356 4226 Atticistarum
1408 4143 1409 4150 ἵ

242 4249 437 4315 Heindorfius
457 4251 490 4314 in
511 4251 591 4318 Plat.
613 4253 713 4338 Hipp.
731 4253 805 4320 Mai·
826 4279 858 4342 p.
877 4262 950 4322 153.
972 4255 1021 4346 (Ρ.
1041 4267 1119 4326 292.
1138 4262 1179 4333 Ε.
1197 4259 1260 4347 St.)
1282 4289 1359 4350 pro
