2844 4946
212 270 309 331 1471ss
1175 325 1188 362 θ
1284 297 1295 316 ι

172 495 176 504 .
213 403 445 486 hominumque,
489 405 597 486 quibus
625 425 677 473 ecs
706 405 876 484 destinant,
909 400 995 466 nullo
1016 399 1149 465 adhibito
1170 397 1303 478 delectu,

178 524 191 551 ·
215 505 401 570 desultorum
419 507 512 570 instar
541 512 675 572 certatim
701 509 846 572 involant.
889 509 958 587 Sic,
986 519 1021 570 nt
1049 508 1082 570 in
1114 527 1147 569 se
1177 503 1304 568 molesta

216 632 277 672 uno
307 599 452 695 deidngar
480 614 635 698 exemplo,
678 616 821 677 Horatius
845 614 987 674 Lambini
1017 609 1181 672 admodum
1208 630 1305 692 nuper

216 735 296 776 nova
313 729 400 778 veste
419 717 544 780 indutus
562 719 691 801 prodiit,
714 720 777 800 qui,
799 721 941 799 quoniam
961 715 1056 778 multa
1074 727 1154 775 recte
1175 727 1205 774 et
1227 715 1306 774 bene
1407 735 1408 754 ³

216 821 373 884 observata
394 821 426 881 in
449 844 485 883 eo
503 823 651 901 invenias,
673 823 779 885 iccirco
801 844 862 884 non
878 835 940 884 eret
954 819 1170 902 recoquendus·
1191 818 1306 880 Nactus
1407 827 1408 830 ’

216 925 441 987 estVenusinus
461 931 549 1008 po‘e'ta
570 941 638 1010 post
648 927 831 988 Lambinum
851 938 968 988 tantum
991 943 1147 986 numerum
1171 921 1308 1004 explice-
1407 955 1408 1016 3

218 1039 326 1110 torum,
349 1042 393 1107 ut,
416 1032 540 1111 quaein
560 1031 614 1095 illo
637 1033 724 1094 nobis
747 1033 826 1093 scitu
847 1031 938 1116 digna
960 1031 1030 1101 sint,
1049 1029 1086 1088 ab
1108 1027 1156 1118 his
1179 1046 1307 1088 sexcen-

219 1132 273 1197 ties
302 1135 428 1215 repetita
449 1135 563 1198 videas.
608 1135 691 1216 Quid
718 1134 801 1216 quod
830 1136 862 1196 in
889 1155 950 1194 una
978 1129 1207 1224 Mitscherlichii
1240 1129 1308 1190 edi-

219 1237 310 1313 tiona,
334 1237 406 1299 odas
429 1252 506 1300 certe
529 1252 560 1300 et
581 1238 694 1322 epodos
716 1237 798 1319 qnod
820 1239 935 1316 attinet,
955 1249 1052 1308 totum
1073 1255 1168 1318 paena
1181 1233 1307 1294 Lambi-

218 1361 293 1400 nnm
315 1339 425 1402 habeas
446 1338 644 1406 redivivum?
687 1341 776 1404 Absit
796 1363 883 1421 vero,
904 1355 939 1403 ut
961 1341 1043 1402 bunc
1058 1337 1110 1400 val
1130 1336 1217 1399 illum
1239 1336 1307 1398 lae-

220 1441 291 1502 dere
312 1445 345 1504 in
369 1445 468 1507 animo
497 1447 555 1521 sit,
583 1461 654 1509 sunt
675 1447 756 1508 enim
780 1445 857 1508 clara
887 1445 1058 1528 ceteroquin
1079 1443 1219 1506 nomine:
1256 1463 1307 1502 ra-

219 1545 333 1606 tionem
355 1548 452 1630 ipsam
473 1550 623 1632 vitupero,
645 1564 674 1612 et
693 1537 784 1614 valde
806 1549 971 1634 optandum
991 1563 1049 1626 est,
1080 1560 1114 1608 ut
1133 1544 1185 1607 ille
1208 1545 1309 1606 inian-

92 1719 107 1737 s
219 1663 288 1712 stus.
305 1653 393 1714 bonis
412 1651 506 1714 literis
534 1657 665 1736 impetus
686 1653 823 1737 paullum
845 1665 1059 1736 compescatur.

305 1753 427 1816 Praeter
442 1769 555 1819 ceteros
573 1771 673 1818 autem
692 1758 802 1841 dignus
816 1753 889 1818 milri
907 1751 1311 1818 videbaturMoeridiaAtti-

222 1858 314 1918 cistae
322 1856 454 1936 libellus,
474 1862 526 1940 qui
542 1861 653 1943 praelis
668 1863 778 1924 iterum
794 1857 1040 1936 committeretur,
1055 1857 1205 1938 nonquod
1222 1871 1314 1918 atra·

223 1974 317 2022 statne
343 1965 481 2024 materiae
518 1965 653 2027 ubertate
691 1979 743 2026 aut
768 1965 948 2048 praestantia
978 1961 1232 2024 commendandos
1262 1961 1313 2040 sit,

222 2085 291 2124 nam
311 2087 364 2148 per
385 2080 433 2128 est
453 2067 581 2149 exiguus
603 2081 633 2130 et
654 2091 744 2151 supra
766 2069 890 2130 modum
922 2067 1029 2146 exilis,
1060 2067 1114 2128 sed
1141 2065 1223 2146 quod
1251 2065 1313 2126 luo·

224 2170 319 2231 mines
340 2169 453 2231 solidae
474 2170 626 2233 doctrines
648 2171 738 2232 lande
757 2173 959 2234 florentissimi
982 2171 1019 2232 ad
1041 2191 1112 2232 eum
1128 2167 1314 2232 elimandum
1407 2247 1408 2254 ἵ

223 2269 494 2355 illustrandumque
530 2275 660 2338 multum
694 2273 804 2338 laboris
839 2275 1052 2358 impenderint.
1110 2273 1180 2351 Quo
1218 2277 1314 2360 melis

225 2391 322 2438 autem
343 2379 474 2442 innotuit
494 2379 585 2442 huius
601 2379 688 2466 libri,
709 2391 755 2441 tot
776 2379 910 2462 priorum
930 2380 1129 2461 interpretum
1149 2377 1314 2442 virtutibus
1407 2393 1408 2428 ³

226 2483 391 2564 conspicui,
412 2480 537 2562 utilitas,
559 2505 679 2566 quoque
709 2484 805 2546 maior
830 2483 927 2544 indies
956 2483 1087 2544 accrevit
1109 2481 1315 2566 exemplorum

224 2583 327 2667 inopia
356 2598 386 2646 et
406 2587 529 2665 rarius,
559 2607 596 2647 eo
615 2588 806 2670 paucioribus
825 2587 926 2648 verbis
949 2607 1026 2668 opus
1048 2587 1105 2646 erit
1125 2587 1164 2648 ad
1184 2589 1315 2651 rationes

225 2689 416 2771 aperiendas,
443 2711 519 2772 quse
540 2691 578 2752 ed
597 2690 710 2752 hancce
733 2711 844 2752 novam
866 2691 1027 2752 editionem
1053 2711 1102 2752 me
1130 2689 1315 2772 impulerint·
1407 2679 1408 2690 ἵ

312 2792 882 2876 Moeridisnimirnmhoooumreliquis
891 2793 1316 2856 Atticistisccmmttneestvi-

225 2895 313 2977 tium,
331 2897 410 2978 quod
428 2919 467 2959 ox
488 2921 592 2962 mauce
603 2912 644 2960 ,et
665 2899 808 2962 subitaria
822 2913 959 2971 veterum
973 2899 1154 2979 scriptorum
1173 2896 1315 2980 lectione,
1407 2937 1408 2978 3

226 2999 309 3061 baud
338 3021 404 3062 raro
432 3005 522 3064 etiem
550 2991 704 3067 cbdioibus
738 3024 843 3066 eorum
871 3001 1066 3064 deterioribus
1087 3021 1171 3080 usus,
1193 3025 1319 3084 praece·
1407 2983 1408 3018 ³

225 3117 279 3186 pte
307 3125 362 3166 sua
390 3109 575 3189 composuit,
613 3129 689 3189 quae
731 3108 803 3172 inde
840 3107 974 3188 sequitur
1004 3117 1038 3165 nt
1066 3125 1146 3166 uunc
1176 3125 1256 3168 vaua
1288 3123 1319 3170 et

227 3207 378 3290 aliquanto
401 3233 482 3272 mera
511 3213 593 3296 aegri
613 3193 718 3294 capitis
739 3211 856 3274 somnis
873 3209 1011 3272 habenda
1030 3209 1102 3285 sint,
1123 3231 1204 3270 nnnc
1225 3211 1318 3273 dubia

227 3326 258 3374 et
276 3315 400 3392 incerta,
421 3337 568 3398 perpauca
586 3316 792 3378 tantummodo
815 3335 854 3378 cx
876 3315 958 3375 omni
979 3326 1061 3404 parte
1079 3333 1160 3374 vera.
1197 3309 1317 3378 Bonum

226 3418 328 3497 itaque
349 3419 478 3498 lactum,
511 3420 593 3500 quod
613 3421 646 3480 in
670 3422 734 3481 eius
757 3416 902 3502 opusculo
931 3416 1117 3479 emendando
1148 3429 1236 3499 etque
1260 3442 1318 3481 ex·-

226 3519 366 3604 plicando
388 3523 561 3586 felicissimo
583 3544 723 3586 successu
745 3515 932 3584 elaborarunt
952 3521 1130 3594 Hudsonus,
1151 3521 1319 3600 Sellierius,
1407 3557 1408 3612 j

226 3623 397 3708 Berglerus,
420 3640 451 3688 et
471 3627 519 3689 his
539 3627 628 3712 longe
650 3628 785 3710 superior
805 3627 932 3688 Ioannes
952 3621 1166 3712 Piarsonus*).

307 3730 380 3790 Erat
400 3731 432 3790 in
453 3730 595 3794 Piersono
618 3733 757 3794 innatans
792 3730 938 3812 quaedam
958 3731 1119 3792 verborum
1141 3729 1265 3794 facilitas
1288 3745 1321 3794 et

228 3831 400 3895 beatissima
416 3831 469 3894 illa
485 3835 599 3920 ingenii
619 3837 755 3915 ubertas,
784 3857 844 3917 qun
865 3835 954 3896 unice
974 3833 1087 3896 iactum
1108 3847 1173 3909 est,
1201 3849 1320 3897 uttam
1407 3905 1408 3926 3

261 4087 291 4158 *)
315 4089 359 4142 De
383 4103 415 4139 eo
444 4101 524 4157 quarn
546 4087 678 4158 praeclara
710 4087 836 4142 senserint
866 4083 1054 4141 Valckenarius
1083 4095 1111 4138 et
1134 4085 1318 4153 Ruhnkanius,
1407 4061 1408 4070 l

295 4177 391 4228 luorum
409 4170 680 4244 scriptadconmentc
701 4183 770 4228 annu
803 4173 886 4244 Legae
909 4173 981 4226 illins
1000 4171 1139 4226 Dian-ibera
1162 4175 1191 4226 in
1207 4173 1320 4246 Euripi·

296 4260 338 4316 dis
360 4259 494 4357 Rpliquias
513 4257 606 4328 ,bniua
624 4259 659 4312 ad
678 4261 816 4314 Timaeum
835 4260 1092 4314 massanissae.
