2844 4946
202 299 301 352 ΗΠ

200 447 283 534 quod
303 391 739 536 pnefiseine'nnnodixsrim,
758 447 924 532 prodituro-¹
950 441 1190 529 suppeditarunt
1211 446 1293 507 enim

201 577 239 618 ee
255 555 339 633 loen,
361 553 471 635 quibus
492 567 593 616 noster
613 549 750 616 Atticiste
775 553 812 614 ed
832 549 994 614 firmandos
1015 571 1128 612 vonum
1148 571 1221 612 usne
1242 563 1291 611 et·-

201 681 260 742 que
281 658 512 742 significationes
535 657 714 740 quandoque
736 658 848 734 utimr,
879 643 1045 718 eeou'ndurn
1067 656 1195 739 optimus
1215 654 1290 714 uni-

199 758 383 844 uscuiusque
404 763 558 845 scriptoris
580 761 727 824 editiones
749 746 851 822 curete
864 757 937 822 olim
951 759 1128 839 indicende3
1150 772 1181 820 et
1199 779 1290 841 pree-

198 879 280 929 teres
302 867 396 951 digito
424 867 509 946 qnasi
529 865 628 927 indies
658 877 859 928 monstrarunt
886 883 1009 937 verum,
1037 883 1105 924 msa
1134 864 1290 946 opinione,

199 971 423 1056 genuinamque
444 969 564 1054 legendi
586 969 720 1032 modum.
766 968 837 1048 Quo
860 981 959 1028 nutem
986 967 1101 1049 ingenii
1126 967 1290 1029 instructus

200 1075 338 1136 acumine
359 1075 541 1158 susceperim
562 1072 717 1159 negotium
736 1070 825 1150 illud,
847 1071 936 1132 sicuti
956 1069 1086 1148 difficile,
1107 1071 1150 1132 ite
1170 1091 1290 1152 quoque

75 1191 79 1202 “
200 1177 421 1261 periodorum,
451 1192 487 1239 ut
514 1191 633 1262 peteet3
676 1177 795 1237 iuvabit
823 1175 969 1239 nonnulle
1001 1173 1068 1236 loce
1095 1175 1147 1238 hin
1168 1187 1290 1252 tentore,

199 1281 286 1350 initio
308 1283 346 1344 eb
366 1283 435 1366 ipso
455 1279 552 1344 libelli
572 1277 662 1342 titulo
684 1279 791 1357 ducto,
819 1281 872 1364 qui
890 1278 960 1342 telis
982 1293 1049 1342 est:

473 1431 709 1498 murrinos
725 1385 1020 1498 Arnrnrsnor

655 1536 833 1604 anserx

425 1637 650 1705 nnrrxnn
687 1641 779 1705 nur
814 1637 1094 1734 ‘nnnnnnn.‚

199 1749 327 1861 Moenis
348 1796 477 1858 Lubbeo
499 1795 689 1859 Bibliotleo.
713 1819 783 1861 nov.
800 1821 957 1862 manuscr.
972 1821 1040 1884 pag.
1059 1799 1131 1861 ¹05.
1150 1806 1180 1857 et
1195 1790 1294 1854 Mue-

199 1909 245 1967 rie
267 1903 373 1984 Steplr.
391 1901 424 1974 ¹le
448 1899 558 1961 Moine
584 1901 663 1964 Var.
686 1903 775 1964 Suor.
807 1904 909 1965 T.11.
933 1926 1002 1986 pag.
1026 1905 1101 1968 479.
1126 1897 1295 1986 appellatur

198 2007 337 2092 opusculi
358 2017 469 2066 auctor.
500 2003 671 2086 Utrumque
691 2019 834 2088 typorum
856 2029 954 2068 errore
973 2009 1083 2070 vitiose
1105 2021 1293 2088 expressum.

86 2161 90 2174 .
198 2115 304 2194 Neque
326 2125 426 2171 tamen
448 2105 519 2168 libri
539 2122 658 2170 veteres
680 2109 717 2171 de
737 2132 810 2172 vern
832 2111 961 2174 lectione
984 2112 1185 2173 consentiunt.
1228 2101 1294 2167 Alii
1374 2123 1380 2149 t

200 2210 374 2298 Μοίριδος,
404 2210 456 2272 alii
478 2203 666 2294 Εὗμοίροὸος
691 2236 801 2276 nomen
828 2215 1010 2298 praeferunt.
1054 2215 1207 2277 Posterius
1235 2209 1296 2270 luit

197 2321 231 2384 in
250 2317 421 2404 apographo
436 2315 597 2376 Prlceenno
614 2313 693 2401 (vid.
714 2317 904 2379 Columeeiue
918 2315 1044 2379 observ.
1055 2318 1144 2380 Saor.
1159 2339 1190 2400 p.
1201 2309 1293 2397 120.)

199 2440 230 2488 st
250 2413 474 2507 Spanhernieno
498 2417 550 2505 (nd
574 2419 668 2482 Plutr'
686 2443 718 2483 v.
746 2417 832 2504 12.);
872 2423 954 2504 quod
975 2444 1050 2484 vero
1072 2421 1136 2484 Cel.
1159 2419 1293 2482 Hudso·

199 2547 257 2590 nus
281 2526 407 2605 Pharii,
437 2525 574 2602 Uenerii,
595 2525 764 2605 Samnii,
781 2525 1014 2608 Dte-Oangir',
1038 2527 1186 2606 Menugr'r'
1214 2523 1295 2585 elio-

199 2652 327 2711 rurnque
347 2629 440 2689 beno
464 2627 636 2688 auctoritate
657 2629 768 2694 reiecit.
807 2630 929 2692 Addere
951 2631 1099 2712 potuisset
1120 2629 1295 2690 Antoninum

199 2732 383 2816 Eporediam
391 2774 403 2804 ,
429 2732 514 2793 euius
540 2733 637 2794 oodex
655 2731 822 2794 Galliarum
852 2735 916 2816 regi
943 2733 1061 2795 oblatus
1082 2733 1161 2794 dono
1183 2732 1293 2792 diserte

106 2853 113 2860 '
199 2839 274 2922 legit
295 2833 426 2916 Μοῖρις.
472 2833 559 2912 Quae
581 2857 673 2916 quum
696 2838 738 2897 ite
760 2839 837 2914 rint,
864 2859 963 2918 neque
985 2860 1040 2922 ego
1062 2836 1223 2919 quicquum
1241 2835 1294 2896 hio

198 2939 379 3002 mutandum
415 2939 550 3002 arbitror.
596 2939 722 3002 Criticae
759 2962 833 3004 vero
871 2942 1011 3002 eudociae
1046 2943 1121 3004 mihi
1156 2944 1182 3004 si
1214 2953 1296 3002 esset

199 3048 282 3123 satis,
304 3044 358 3125 qui
379 3056 481 3104 contra
502 3056 548 3105 tot
566 3043 720 3122 virorum,
743 3045 895 3108 doctrines
916 3045 1116 3128 amplissimae
1139 3047 1219 3107 sumn
1240 3066 1294 3106 ce-

198 3149 337 3226 lebrium,
357 3147 468 3208 niterer
490 3149 713 3210 auctoritatem:
742 3129 895 3211 ductorem
917 3151 1008 3212 buius
1030 3151 1166 3234 opusculi
1189 3133 1292 3212 futuro

202 3253 336 3334 Thlentri
365 3247 600 3335 Anonymerum
626 3253 798 3313 Plnooioni
830 3254 936 3314 editori
979 3253 1180 3337 relinquerem
1212 3251 1293 3316 belle

199 3355 432 3420 coniicieudum.
474 3355 598 3418 Interim
621 3356 767 3419 derebus
795 3362 828 3421 in
848 3359 1028 3420 obscuritate
1049 3367 1083 3420 eb
1104 3359 1293 3422 dubitatione

199 3461 305 3546 positis
328 3479 421 3540 quum
442 3459 582 3522 omnibus
609 3459 699 3522 lineat
728 3462 821 3522 enimi
851 3463 900 3524 sui
932 3463 1059 3545 cogitnte
1081 3461 1209 3525 eliorum
1231 3483 1294 3542 ex-‚

199 3585 312 3648 ponere
331 3563 463 3623 indicio:
485 3564 559 3625 mibi
580 3565 657 3626 vitio
678 3584 837 3627 versurum
861 3567 978 3628 confido
994 3569 1158 3640 neminem,
1178 3568 1205 3634 ei
1220 3589 1292 3629 mo-

201 3671 285 3730 deste
307 3689 341 3728 eo
361 3667 532 3728 verecunde
554 3669 661 3746 dicem,
684 3669 756 3750 quid
779 3669 855 3730 mihi
874 3671 963 3732 rebus
985 3673 1125 3734 omnibus
1148 3671 1292 3754 expensis

199 3771 317 3834 venerit
337 3771 369 3831 in
392 3783 533 3831 mentem.
574 3773 689 3834 Incerta
711 3786 756 3834 est
780 3773 944 3852 Moeridis,
976 3791 1036 3857 qus
1056 3775 1175 3853 floruit‘,
1198 3788 1292 3840 netu.

198 3875 336 3952 Exinde,
380 3875 462 3956 quod
482 3875 681 3958 Phrynichus
713 3878 744 3936 in
768 3877 826 3939 hoo
848 3893 949 3942 nostro
973 3881 1118 3964 glossario
1140 3881 1291 3942 excitetur

200 3979 302 4057 teetis;
332 3992 362 4040 et
391 3979 474 4058 quod
494 3979 596 4062 ipsum
616 3979 718 4041 laudat
739 3977 871 4042 Plotius
893 3983 1046 4044 Bibliotlt.
1078 3985 1145 4046 cod.
1169 3983 1291 4046 CLVll.

198 4081 460 4166 colligitur,.intrn
480 4081 557 4144 illud
578 4085 719 4166 spatium,
740 4086 822 4165 quod
844 4109 862 4147 e
883 4087 921 4148 11.
944 4089 983 4148 ed
1003 4089 1073 4150 Xll.
1098 4101 1176 4172 post.
1198 4087 1234 4148 G.
1250 4087 1292 4150 N.

199 4185 353 4249 saeculum
369 4185 499 4265 effluxit,
520 4185 658 4248 libellum
680 4188 773 4250 fuisse
796 4181 976 4258 conlectum.
1020 4194 1163 4266 Meum,
1189 4192 1293 4272 inquis

199 4311 268 4354 oum
288 4289 455 4371 audeone,
478 4292 642 4374 epatium?
683 4293 754 4373 Non
785 4293 923 4358 diffiteor.
966 4295 1017 4358 sic
1038 4317 1159 4379 quoque
1180 4317 1295 4360 nornen
