2844 4946
236 299 294 352 tx

235 433 337 498 mnan
356 433 452 508 subit,
482 451 624 516 magnum
653 453 786 496 enorum
812 455 970 496 nnmerum
1000 455 1039 496 ex
1066 431 1154 496 istinc
1176 433 1321 496 obseru-
1365 445 1369 450 ·

236 540 368 602 tionibus
387 539 422 600 in
442 539 637 602 novissimam
668 541 767 621 operis
798 538 994 622 Stephaniani
1024 516 1188 600 editionem
1208 538 1319 598 transi-

234 645 312 720 iese,
341 641 423 704 unde
454 643 595 730 quisquis
616 643 738 706 demum
764 644 797 704 in
819 643 978 706 Germania
1006 641 1145 704 librarius
1163 640 1319 703 Thesauro

234 746 288 810 illo
315 745 486 808 recedendo
514 747 685 810 thesamm
713 747 849 830 sibiipsi
871 747 1029 828 anquirere
1048 745 1165 830 gestiet,
1187 745 1318 828 graviter

234 851 402 922 monendus
423 863 486 928 est,
516 873 554 912 ne
584 852 710 933 spissam
737 847 819 914 illam
849 864 879 913 et
905 851 1083 914 incaeduam
1110 847 1318 932 exemplorum
1414 869 1415 872 ¹

232 953 341 1018 silvam
362 955 446 1038 prius
466 955 620 1038 transponi
642 957 790 1038 patiatur,
821 977 910 1036 quem
940 955 1080 1020 radiatus
1106 973 1178 1038 pars
1199 950 1317 1030 evsrlsa,

230 1083 302 1146 pars
321 1058 486 1136 collocata,
507 1057 564 1120 alia
583 1060 693 1122 rectius
723 1059 867 1142 disposita
887 1061 958 1126 sint.

317 1165 427 1228 Nost‘ra
462 1175 556 1224 aetate
583 1161 710 1226 Moeridi
745 1161 849 1226 multia
868 1163 981 1226 medis
1017 1161 1159 1246 profuere
1186 1161 1314 1238 Bestius,

232 1267 413 1345 rossanus,
434 1265 622 1340 neaeram,
643 1267 704 1328 ‹nr
725 1266 924 1330 emessam
944 1281 975 1330 et
994 1267 1027 1330 sn
1048 1267 1162 1352 pann,
1184 1243 1237 1347 q'ur
1256 1285 1315 1326 v.-
1389 1283 1391 1288 .

229 1390 308 1436 teres
334 1369 550 1434 Grammaticos
578 1373 716 1455 gnaviter
742 1371 951 1447 tractaverint,
978 1371 1066 1465 facile
1096 1371 1214 1454 optimi.
1255 1367 1314 1430 His

229 1476 363 1553 accessit,
384 1471 521 1555 quiante
541 1475 598 1536 hos
619 1495 674 1538 sax
695 1495 789 1538 annos
808 1474 953 1559 peculiari
975 1475 1182 1538 dissertatione
1203 1471 1313 1534 landa-
1377 1545 1382 1562 ἱ
1414 1539 1415 1542 ¹

228 1581 289 1644 bile
308 1582 341 1641 in
364 1577 560 1661 explanandis
579 1578 690 1662 regulis
718 1579 891 1642 aMoeride
921 1581 1083 1663 propositis
1103 1599 1219 1662 ponere
1241 1598 1313 1639 coe·

142 1735 147 1742 .
227 1687 274 1772 pit
294 1683 484 1760 tirocinium,
511 1683 643 1744 loannes
657 1681 781 1745 lacobus
803 1680 1112 1768 Tengstroemins*)‚
1142 1669 1318 1744 Bibliomess

105 1841 107 1849 .
228 1791 326 1851 carius
352 1788 386 1848 in
413 1785 577 1848 Academia
603 1785 738 1848 Aboensi
760 1788 916 1866 Vicarias,
938 1795 939 1800 ’
959 1789 1044 1850 cuius
1078 1788 1312 1862 observationes,

225 1893 368 1974 qnoniam
394 1888 609 1952 nonnullorum
637 1891 780 1952 interesse
816 1894 879 1954 scio
910 1906 941 1954 et
975 1905 1098 1976 propter
1133 1891 1314 1974 paucitatem
1414 1949 1415 1952 ,

225 1996 388 2060 maximam
415 2007 531 2076 pestem
558 1995 687 2076 integras
720 1995 851 2078 recipere
882 2017 958 2063 non!
980 1979 1127 2060 diabitavi.
1172 1995 1313 2075 Denique

129 2109 133 2118 '
224 2121 287 2162 non
309 2118 443 2181 possum,
465 2097 538 2178 quin
560 2096 758 2182 negligentiae
780 2101 945 2176 cuiusdam,
967 2113 1002 2162 ut
1021 2099 1175 2162 lenissime
1194 2097 1312 2181 loquar,
1414 2141 1415 2148 κ

226 2203 408 2266 mentionem
428 2202 580 2276 inficiam,
607 2223 698 2282 qnam
720 2225 756 2266 eo
778 2205 895 2287 aegrius
916 2218 1024 2288 tango,
1056 2217 1116 2286 qno
1135 2205 1221 2287 peine
1243 2205 1312 2285 ipsa
1414 2217 1415 2262 ξ

225 2307 310 2371 andit
329 2321 359 2367 et
377 2327 437 2386 quo
459 2307 554 2389 magis
583 2305 627 2386 is,
659 2307 711 2387 qui
737 2307 767 2367 ei
794 2308 942 2370 obnoxius
969 2309 1162 2386 inveniatur,
1192 2307 1311 2369 etiamsi
1414 2321 1415 2390 ἐ

224 2426 321 2478 cetere
342 2410 595 2471 aestimatissimus
617 2411 665 2487 sit,
686 2425 842 2493 propterea
863 2413 1089 2494 vituperandus·
1111 2411 1188 2473 Tale
1209 2423 1310 2473 autem

223 2515 406 2598 vituperium
427 2515 461 2574 in
480 2511 713 2578 schleusncmm
735 2515 832 2593 cadit,
861 2517 914 2596 qui
943 2512 1012 2578 crim
1042 2510 1209 2600 nuperffl‘)
1240 2515 1310 2583 Ob·-

224 2619 406 2684 servationes
432 2618 466 2680 in
496 2616 664 2680 Moeridem
700 2617 919 2702 promulgaret,
952 2619 1103 2682 mehercle
1131 2641 1194 2682 non
1224 2621 1310 2704 cogi-

222 2739 301 2786 tasse
321 2721 461 2802 videtur,
487 2721 660 2784 eosdemse
691 2737 826 2804 acceptas
846 2725 957 2786 reicere
978 2725 1157 2788 Ruhnkenio
1180 2735 1211 2786 et
1231 2722 1310 2786 Val-

223 2828 372 2903 ckenario,
393 2845 521 2906 qnorum
540 2825 697 2908 ipsissimis
718 2829 820 2890 verbis
841 2829 887 2888 nti
903 2827 986 2893 haud
1005 2829 1119 2892 veritus
1140 2842 1195 2890 eat.
1224 2829 1311 2890 Haec

223 2931 316 2996 semel
337 2929 484 2990 indicasse
503 2930 640 3001 sufficiat.
665 2929 761 2992 Curae
781 2931 972 2996 Novissimae
992 2933 1025 2994 in
1046 2933 1189 2996 Photium
1209 2953 1310 3014 quan·
1414 2959 1415 2962 ¹

221 3051 324 3121 topare
346 3033 451 3095 alienis
474 3028 639 3116 glorientur
659 3037 757 3111 bonis,
779 3035 838 3098 alio
860 3049 995 3120 tempore
1017 3039 1183 3102 ostendam.
1282 3027 1285 3032 ¹
1414 3019 1415 3026 ἵ

304 3137 409 3202 Redeo
431 3136 471 3232 ad
492 3125 736 3200 candidissimum
757 3141 902 3204 Bastium.
938 3141 969 3203 Is
1001 3141 1093 3224 igitur
1113 3163 1206 3222 quum
1228 3137 1311 3202 mul-

221 3245 260 3308 tis
281 3243 346 3306 aliis
378 3242 572 3319 nominibus,
602 3253 667 3304 tum
699 3263 734 3304 eo
765 3245 878 3325 optime
906 3245 944 3306 de
973 3237 1173 3309 Grammatico
1205 3257 1333 3312 nostros

221 3343 343 3408 meiitns
364 3357 426 3422 eet,
456 3345 539 3427 quod
568 3345 711 3409 Codicem
739 3347 1026 3430 sangermanensem
1048 3351 1123 3412 'sive
1145 3347 1311 3410 Goislinia-

221 3473 294 3510 num
315 3449 414 3510 denno
436 3449 476 3510 ad
503 3449 587 3513 locos
609 3451 755 3532 quosdam
777 3451 1116 3514 difficiliores·adlsibuit
1137 3473 1311 3532 novamque

141 3565 144 3570 ’
220 3554 292 3616 inde
324 3551 423 3614 attulit
450 3551 559 3636 lucem.
586 3555 703 3630 ldem,
736 3577 805 3616 cunr
834 3555 959 3620 Parisiis·
982 3557 1119 3640 degeret,
1147 3555 1261 3617 factum
1290 3579 1312 3618 a

223 3656 471 3740 Tcngstrocmio,
493 3658 652 3720 caiatiam
675 3659 795 3721 Godicis
816 3659 904 3744 Regii
925 3663 1034 3722 iterum
1057 3661 1231 3726 confercndi
1253 3679 1311 3720 co·

219 3761 271 3844 pia
291 3757 367 3820 data.
410 3760 472 3823 Sed
494 3763 651 3846 perpaucis
672 3776 789 3825 tantum
810 3763 841 3824 in
862 3763 938 3828 locis
958 3763 1050 3828 libros
1071 3764 1141 3830 illos
1162 3767 1200 3828 ab
1221 3775 1310 3827 utro-

219 3909 421 3930 Ἣ

253 4013 281 4081 *)
299 4009 499 4076 Observationcp
521 4011 550 4062 in
566 4011 671 4067 Moerin
687 4014 847 4068 Atticistem.
874 3981 984 4068 Publicis
1007 3973 1121 4068 examini
1138 4009 1312 4086 oll'ertldeg.

216 4153 217 4158 ,
286 4097 346 4151 lcls·
361 4097 414 4150 lac.
432 4097 612 4167 Teegstroem.
638 4099 700 4154 Pnre
718 4099 897 4176 1.'11.Abpre
918 4101 993 4155 1824.
1013 4101 1039 4155 4.

250 4198 296 4268 *ἡ
314 4197 507 4342 ἱηὸἒέὶιοὼιι.
523 4202 592 4255 critt.
611 4221 627 4255 a
643 4204 772 4262 Friedam.
796 4215 823 4258 et
842 4201 972 4260 semodio
996 4204 1074 4261 editis
1101 4204 1167 4262 vol.
1185 4205 1207 4259 l.
1230 4205 1261 4259 Ρ.
1280 4204 1311 4260 Ι.

286 4303 316 4356 p.
388 4320 397 4338 .
