2844 4946
1110 325 1179 376 stx

89 449 178 511 brevi
205 449 349 533 temporis
379 451 496 534 spatio,
531 471 641 536 nempe
672 471 731 516 sex
759 451 852 517 lustra
879 449 1014 516 nondum
1043 453 1181 522 emensus

88 555 173 616 vitae
195 555 350 632 satisfecit,
372 553 559 638 perlustratis
580 559 720 620 omnibns
740 557 803 620 fere
824 557 936 622 vetetis
956 555 1097 636 Graeciae
1118 561 1183 622 La-

88 660 185 740 tiique
209 660 412 721 monumentis
442 661 630 739 antiquorum
648 659 803 724 literarum
823 660 922 724 studia
943 673 1025 723 tauto
1040 683 1181 728 successu

88 762 234 844 amplecti
254 776 376 844 tamque
405 763 559 826 luculenta
588 765 739 826 doctrinae
761 765 923 850 specimina
960 767 1048 828 edere
1069 781 1179 850 posset.

88 869 244 928 Eximiam
266 889 368 928 curam
388 867 525 928 adhinnit
542 869 574 928 in
595 867 780 953 singulorum
803 871 964 932 verborum
981 869 1181 952 explicatione

92 985 121 1031 et
138 970 232 1054 plane
252 969 433 1056 singularem
454 971 641 1056 diligentiem
667 975 701 1034 in
730 975 820 1034 rebus
849 975 1046 1057 grammaticis
1068 997 1180 1058 perve-

72 1073 256 1157 sugendis,
278 1075 439 1157 inquibus
460 1078 487 1139 si
508 1075 603 1138 multa
622 1078 732 1140 rectius
753 1077 844 1140 hodie
865 1076 982 1162 cognita
1001 1091 1087 1156 eunt,
1109 1101 1181 1165 grs-

91 1177 225 1239 tulemnr
247 1181 336 1242 nobis
353 1181 392 1240 do
413 1179 533 1265 linguas
548 1180 676 1243 (incense
695 1181 802 1244 studiis
824 1203 878 1268 per
895 1181 951 1244 hos
966 1183 1180 1270 quinquaginta

93 1303 189 1344 annos
208 1284 308 1346 acrins
327 1283 453 1366 agitatis.
495 1285 658 1366 Nunquam
689 1304 763 1347 vero
791 1287 824 1346 in
853 1285 902 1346 hir
921 1285 1098 1370 pervulgata
1117 1301 1180 1350 tra·

92 1390 205 1462 ctsvit,
236 1409 393 1469 nunqnam
427 1387 465 1448 ad
492 1389 586 1450 verba
614 1390 749 1471 megistri
778 1389 938 1450 obstrictus
966 1389 1034 1458 fuit.
1077 1391 1180 1454 Corri-

92 1493 184 1574 gendi
206 1493 445 1576 opportunitates
465 1513 527 1552 non
550 1491 658 1576 cupide
678 1511 834 1573 quaerens,
853 1513 910 1553 nec
929 1494 1033 1574 paucis
1055 1495 1183 1560 exemtis

92 1609 211 1678 praeter
231 1598 437 1658 necessitatem
458 1595 571 1678 aliquid
592 1609 722 1675 tentans,
740 1609 878 1680 corrupta
896 1595 1049 1659 leuissima
1063 1599 1183 1692 ,ratione

93 1700 235 1777 sananda,
260 1723 330 1762 sana
351 1703 388 1761 ab
411 1701 593 1762 emendandi
611 1699 738 1764 libidine
759 1701 838 1762 iuste
857 1701 1100 1784 interpretatione
1118 1723 1182 1764 esse

94 1803 283 1866 defendenda
305 1803 445 1887 exemplo
473 1825 529 1866 suo
558 1807 675 1888 egregie
704 1806 884 1868 monstravit
905 1817 935 1866 ct
955 1805 1000 1866 sic
1020 1804 1081 1866 iere
1110 1827 1183 1888 per·-

95 1907 163 1968 lecti
186 1906 290 1969 Critici
308 1909 434 1970 loturam
454 1909 647 1991 proposuisse
672 1909 759 1970 nobis
787 1909 920 1974 videtur.
963 1907 1130 1972 Permultte
1150 1911 1185 1971 iu

95 2011 316 2074 emendationes
331 2013 492 2074 incidimus
506 2011 633 2074 aliorum
647 2034 737 2094 quam
750 2011 894 2075 Moeridis
910 2011 1056 2090 locorum,
1064 2015 1185 2096 saepius

95 2117 272 2178 lenissime
301 2115 370 2178 illas
392 2115 553 2194 indicatas,
586 2137 712 2199 quarum
742 2119 871 2178 memma
899 2137 968 2198 pars
995 2129 1057 2176 tam
1086 2132 1187 2199 aperte

98 2233 140 2280 est
162 2233 192 2280 et
214 2235 284 2281 ante
306 2219 409 2282 oculos
430 2222 545 2302 posits,
568 2235 603 2282 ut
624 2221 737 2304 legenti
756 2222 888 2282 rationes
904 2217 985 2280 ultro
1005 2240 1038 2282 ee
1058 2221 1186 2282 offerent

99 2337 126 2384 et
144 2337 261 2386 munta
282 2325 431 2384 invidiam
452 2345 549 2406 paene
569 2326 730 2386 concitent.
775 2323 917 2400 Accedit,
946 2323 1027 2404 quod
1050 2343 1124 2402 quas
1148 2325 1184 2384 ab

97 2427 161 2490 aliis
181 2431 261 2490 bens
281 2429 405 2490 inventa
427 2439 543 2506 essent,
576 2429 646 2490 cuin
669 2425 861 2490 veneratione
883 2423 1010 2506 quedam
1039 2425 1185 2508 suspexit,

96 2535 146 2594 nbi
175 2531 420 2618 reprehendendi
452 2553 541 2594 crues
570 2531 706 2607 edesset,
735 2530 935 2594 verecundius
953 2531 1029 2592 fines
1061 2531 1185 2590 minime

95 2635 227 2700 violavit
248 2657 349 2719 neque
369 2655 406 2698 eo
427 2657 559 2718 uuquam
579 2637 785 2720 impudentiae
806 2636 962 2719 prorupit,
991 2647 1027 2694 ut
1047 2633 1187 2696 emelio-

96 2763 163 2802 mm
200 2741 308 2803 infami
338 2742 516 2804 detrimento
547 2755 679 2823 captaret
706 2739 872 2824 gloriolsm.
915 2740 962 2800 Ee
989 2750 1107 2818 sutem,
1145 2739 1189 2800 ait

96 2846 243 2908 summm
258 2848 469 2924 Hermaunus,
488 2830 617 2907 martinse
635 2858 681 2906 est
702 2857 734 2906 et
754 2867 814 2907 uon
836 2844 991 2906 interitura
1012 2843 1097 2921 lans,
1124 2862 1187 2904 uon

97 2948 205 3011 utilem
225 2961 361 3028 numm,
391 2950 445 3014 sed
466 2952 556 3012 etiem
578 2951 691 3012 bouum
714 2949 817 3012 virum
839 2967 914 3010 esse.

182 3053 235 3116 Ad
254 3055 440 3118 Hudsonum
459 3055 571 3128 venio,
614 3055 700 3115 cuius
728 3073 798 3113 curn
826 3051 876 3112 hic
902 3049 967 3112 illic
996 3071 1014 3108 a
1043 3047 1187 3112 Piersouc

99 3171 227 3220 mntatss
247 3161 384 3221 viderem
406 3171 514 3238 notes,
557 3155 719 3220 nonnullos
748 3159 823 3218 adeo
848 3153 938 3237 plane
969 3153 1111 3229 omissas,
1149 3173 1189 3213 ex

101 3263 234 3323 editione
254 3265 390 3346 principe
418 3286 468 3326 eas
488 3277 624 3345 repetere
644 3261 769 3344 placuit.
811 3261 890 3321 Rara
913 3257 1067 3340 diligentia
1086 3258 1120 3317 in
1142 3257 1190 3333 iis,

100 3387 176 3446 quae
195 3365 394 3450 Schlaegerus
408 3368 572 3444 annotavit,
590 3378 621 3427 et
642 3365 747 3426 eedem
767 3361 833 3426 laus
855 3363 883 3424 si
903 3361 1062 3422 tribuenda
1083 3359 1190 3422 fnisset

99 3469 255 3548 Sallierio,
283 3469 387 3532 labore
420 3473 613 3554 supersedere
641 3467 776 3530 licuisset
811 3467 922 3553 summi
958 3463 1048 3526 taedii
1087 3462 1188 3547 pleno.

98 3574 128 3636 la
147 3553 250 3636 antem
271 3574 303 3634 in
324 3577 365 3636 iis
385 3573 479 3653 locis,
501 3595 576 3657 quos
597 3595 614 3634 ο
634 3575 788 3636 veteribus
811 3569 1005 3654 scriptoribus
1025 3567 1105 3652 larga
1127 3589 1194 3628 me-

100 3700 143 3739 nn
164 3679 271 3754 affert,
296 3677 433 3762 singulos
459 3678 554 3740 libros
575 3695 739 3758 eorumque
760 3676 857 3758 capite
885 3674 1058 3758 saepissime
1080 3693 1193 3754 perpe·

100 3803 163 3842 rana
192 3783 358 3861 indicavit,
401 3783 475 3864 quin
504 3793 583 3844 totos
611 3781 744 3844 Platonis
775 3777 910 3860 dislogos
942 3791 972 3838 et
1008 3778 1091 3860 ipsos
1117 3775 1192 3836 adeo

103 3887 266 3968 scriptores
295 3907 357 3948 non
386 3867 481 3949 semel
510 3887 653 3948 confudit.
698 3887 783 3946 Haec
810 3884 901 3967 igitur
931 3881 1051 3952 omnis,
1081 3891 1112 3940 et
1140 3879 1194 3940 ubi

101 3989 241 4052 Piersoni
262 3989 395 4080 calamus
415 3992 624 4070 aberraverit,
647 4012 707 4072 qus
726 3989 857 4050 maxims
877 3987 942 4049 fieri
962 3985 1063 4069 potuit
1084 4003 1193 4046 cursa

105 4117 150 4156 me
173 4111 306 4158 correcta
325 4097 412 4158 uncis
434 4093 551 4158 includi
571 4096 664 4158 setius
683 4095 787 4171 habui,
809 4093 950 4173 quoniam
972 4091 1108 4154 homines
1124 4085 1195 4167 qui·

105 4199 172 4261 dam
204 4201 288 4264 docti
315 4197 383 4264 aliis
413 4221 571 4281 nunquam
607 4219 669 4262 non
700 4198 870 4260 diffidentes
899 4193 974 4257 false
1011 4192 1200 4254 conminus

106 4325 194 4384 quam
221 4327 297 4370 vera
326 4302 422 4368 oculis
451 4325 596 4390 usurpare
620 4305 853 4388 concupiscunt.
897 4297 959 4368 Sed
989 4297 1082 4382 nangis
1111 4294 1200 4358 etiarn
