2844 4946
214 295 302 348 ΠΙ]

213 443 299 527 priua
337 450 470 501 mentem
498 437 646 520 expiscari
677 437 859 520 eosdemque
895 438 935 498 ed
961 431 1099 516 symbola
1128 433 1309 496 mulctanda

213 543 428 610 humanissime
449 541 588 608 invitare.
630 539 667 604 ld
696 563 807 626 nempe
831 539 968 633 cordatus
996 537 1123 620 quisque
1153 539 1307 624 cognitum

213 652 307 714 babet
327 660 416 730 atque
437 659 643 728 compertum,
673 648 719 708 rei
738 645 905 709 litterarum
928 642 1096 708 communis
1118 641 1316 726 splendorem*

215 753 362 820 edilium
382 765 412 814 et
432 750 586 836 dignitatis
609 763 639 810 et
660 749 854 832 perfectionis
875 751 1019 838 gradum,
1041 767 1101 828 quo
1124 746 1309 812 Graecorum

212 861 476 936 Romanorumque
498 875 573 918 aeuo
592 855 728 934 eminuit,
749 855 787 918 iri
809 871 949 920 evectum
970 869 1143 931 nunquam3
1176 852 1235 914 nisi
1255 873 1308 912 re-

214 966 296 1050 giam
316 961 399 1024 illam
420 961 522 1038 viam,
553 979 644 1040 quam
665 959 774 1024 heroes
794 959 842 1023 illi
863 977 935 1026 sunt
955 953 1102 1046 ingressi,
1132 976 1237 1020 rursus
1255 956 1307 1016 in-

214 1068 405 1153 grediamur;
447 1077 565 1124 utnon
587 1062 699 1148 singuli
720 1085 759 1125 ex
780 1073 844 1128 suo'
857 1067 996 1146 arbitrio,
1027 1082 1079 1134 eut
1105 1069 1212 1129 insane
1233 1059 1308 1124 sori-

213 1174 275 1256 ptia
296 1167 513 1232 inclarescendi
533 1167 669 1247 libidine,
691 1167 805 1230 esdad
827 1174 1008 1255 optimorum
1030 1173 1178 1238 iudicium
1200 1167 1310 1246 scriptu

147 1323 152 1330 -
215 1275 368 1340 excudent
387 1294 453 1336 sna.
499 1271 599 1350 Quem
620 1273 653 1332 in
674 1274 767 1336 finem
788 1277 915 1340 strictim
937 1277 1108 1356 edisseram,
1132 1273 1241 1359 quibus
1258 1271 1310 1330 iu·

215 1394 346 1446 suuntur
367 1376 510 1440 subsidiis
532 1381 653 1460 operam
674 1377 753 1438 hanc
776 1380 950 1464 aggrediar3
991 1384 1204 1446 subiuncturus
1233 1394 1310 1436 eon-

213 1489 394 1548 iecturarum
414 1482 448 1542 in
469 1480 638 1544 Moeridem
659 1471 928 1564 ἇποσπασμᾶτιον,
951 1499 982 1548 et
1001 1487 1039 1548 de
1054 1485 1134 1550 uotis
1152 1477 1311 1548 addendis,

214 1589 296 1672 quod
318 1588 395 1671 cepi,
417 1583 588 1648 eonsilium.

301 1741 352 1806 Ad
373 1741 458 1824 prius
479 1735 562 1820 quod
590 1738 715 1817 attinet,
744 1743 883 1824 inprimis
910 1741 1220 1807 honorificentissimis
1241 1709 1312 1797 lau-

216 1851 305 1914 dibus
326 1842 487 1906 decorandi
517 1841 593 1902 mihi
620 1855 692 1904 sunt
719 1843 844 1908 Summe
865 1849 1038 1912 Revereudi
1060 1842 1313 1920 Celeberrimique

122 2015 125 2026 ,
215 1957 307 2016 loon.
332 1945 507 2026 christoph.
530 1957 561 2006 at
580 1945 672 2007 Ioco.
695 1947 809 2012 Christ.
836 1951 959 2030 Wolfii,
981 1953 1073 2015 huius
1094 1951 1188 2034 urbis,
1211 1939 1313 2028 qnid?

217 2059 298 2120 orbis
319 2050 430 2116 eruditi
453 2049 562 2110 decora
584 2063 672 2132 atque
694 2068 886 2134 ornamenta,
907 2078 1036 2138 quorum
1057 2054 1218 2126 beneficis,
1239 2048 1313 2110 inde

215 2185 234 2224 a
265 2155 470 2242 compluribus
499 2166 579 2214 retro
608 2156 695 2217 annis
723 2154 891 2242 largissima
919 2181 1013 2234 ,manu
1044 2164 1077 2224 in
1107 2181 1156 2222 nae
1193 2153 1313 2232 collata,

216 2265 359 2350 quoniam
380 2259 489 2322 referre
508 2277 636 2338 nequeo,
658 2271 784 2320 aetatem
804 2261 1021 2328 devenerebor.
1066 2267 1121 2344 Hi,
1144 2277 1312 2344 quo·com-

216 2369 388 2455 plectuntur
412 2382 517 2424 omnes
537 2364 773 2424 mansuetiorum
794 2363 952 2429 Musarum
972 2367 1101 2431 cultores
1125 2381 1244 2442 amore,
1277 2385 1314 2423 ac

218 2497 266 2538 me
287 2471 397 2534 affectu
418 2465 579 2552 plusquam
600 2479 742 2548 paterno,
771 2469 911 2534 certiores
930 2469 969 2532 de
989 2495 1057 2534 meo
1080 2473 1151 2534 facti
1172 2469 1313 2533 instituto

216 2601 278 2642 non
300 2575 399 2639 solum
420 2571 567 2632 utendum
587 2569 663 2631 mihi
685 2587 893 2636 concesserunt
911 2573 1020 2636 Photis·
1040 2573 1162 2638 hemon
1181 2561 1313 2634 ἀνέκδο-

216 2701 283 2756 τον,
304 2677 358 2742 sed
380 2677 468 2737 etiam
487 2675 586 2736 verius
600 2673 747 2738 Moeridis
769 2673 913 2742 lectiones
936 2699 1054 2740 mecum
1076 2678 1202 2742 voluere
1224 2684 1313 2739 obm-

217 2785 389 2853 municatas,
410 2801 484 2862 ques
505 2778 561 2842 Vir
581 2777 716 2841 Maxime
738 2779 944 2860 Venerabilis,
966 2805 1061 2866 quum
1082 2783 1227 2868 Lugduni
1246 2783 1311 2842 Be-

217 2909 356 2955 tnvornm
377 2897 625 2960 commoraretur,
661 2905 700 2944 ex
721 2886 764 2946 Ie.
793 2885 901 2948 Vossie‘
927 2887 1030 2950 codice
1060 2887 1099 2949 ad
1127 2887 1199 2950 libri
1229 2907 1313 2947 oram

211 3001 421 3058 annotaverat.
462 2987 614 3071 integrum
638 2987 772 3051 conferre
793 3003 866 3052 tunc
887 2992 1029 3074 temporis
1049 2991 1109 3074 ipsi
1130 2991 1188 3054 fuit
1210 2991 1314 3053 uisum

217 3115 493 3184 supervacaneum,
526 3093 609 3174 quod
632 3093 815 3156 Vossianum
835 3094 915 3156 illud
935 3095 1028 3157 MSS.
1052 3097 1215 3160 maximam
1237 3117 1312 3178 par·

216 3223 278 3267 tam
299 3222 368 3263 eum
389 3197 589 3262 Hudsoniana
614 3195 736 3280 legendi
757 3199 872 3260 ratione
894 3221 1058 3284 congruere
1086 3199 1313 3261 animadverte-

215 3315 275 3372 bat.
321 3303 573 3366 Convenientiam
595 3323 635 3362 ex
656 3321 693 3362 eo
710 3301 795 3364 sonte
817 3301 993 3364 crediderim
1012 3305 1204 3386 profluxisse,
1227 3317 1311 3364 uter-

216 3437 274 3496 que
297 3409 394 3473 codex
416 3407 498 3488 quod
528 3425 567 3468 ex
595 3427 686 3488 supra
713 3403 826 3467 laudati
854 3409 946 3470 loun.
970 3409 1099 3472 Rionee'
1130 3407 1249 3470 schedis
1278 3409 1314 3468 in

215 3515 326 3602 Anglia
345 3511 502 3574 asservatis
532 3512 707 3592 descriptus.
739 3507 819 3571 Sunt
840 3511 934 3574 nihilo
957 3514 1058 3575 minus
1078 3527 1178 3596 tamen
1200 3511 1314 3592 aliqua,

215 3623 269 3685 sed
290 3637 459 3702 perpauca,
481 3617 514 3676 in
537 3637 572 3676 ea
594 3617 729 3698 priorum
750 3615 915 3677 litterarum
938 3615 1116 3694 collatione,
1145 3618 1178 3677 in
1201 3617 1314 3698 quibus

215 3726 343 3788 Vossius
365 3717 403 3782 ab
424 3721 573 3782 Hudsono
602 3719 672 3780 lacit
691 3719 875 3800 divortium
920 3721 995 3782 milri
1025 3722 1199 3805 profutura,
1244 3721 1313 3798 ubi,

215 3850 292 3912 quae
312 3825 454 3910 promisi,
477 3823 579 3886 licebit
601 3823 768 3885 exsolvere.

302 3973 421 4045 Deinde
444 3979 481 4039 ad
510 3979 676 4042 subsidium
706 3983 816 4041 vocavi
846 4003 953 4064 magno
983 4003 1050 4042 cnm
1079 3982 1180 4044 fructu
1203 4003 1313 4043 excer-

215 4103 282 4174 pta,
323 4107 400 4170 quae
431 4083 542 4146 Vener.
573 4083 692 4146 Bernb.
724 4083 763 4144 de
789 4083 1000 4162 Montsauoon
1030 4109 1068 4148 ex
1097 4087 1199 4148 codiee
1227 4085 1317 4148 dedit

217 4191 402 4278 coisliniano
440 4203 469 4248 et
502 4190 613 4252 inserte
651 4187 791 4282 leguntur
823 4187 963 4273 Gutalog.
994 4191 1148 4253 Bibliotls.
1183 4190 1317 4254 Ooiala'es.

216 4319 285 4384 pag.
308 4297 505 4362 485-488.
549 4295 586 4358 ld
608 4295 698 4364 modo
720 4294 903 4376 dolendum,
936 4297 1054 4374 virum,
1089 4299 1174 4360 cuius
1196 4317 1323 4360 summe
