2844 4946
226 323 320 376 XClV

311 425 401 540 Pe'g.
428 457 505 523 296.
535 475 564 520 ε.
601 471 639 519 v·
674 461 706 518 2.
765 451 996 518 Automedontis
1032 454 1226 538 Epigramma
1270 457 1326 518 ls-

226 560 346 624 oobsius
369 557 453 622 dedit
474 560 508 620 iu
528 557 655 624 Anthol.
677 557 731 620 Gr.
759 559 799 620 Τ.
822 559 864 628 ll.
886 581 917 644 p.
942 565 1015 628 191.
1037 581 1125 620 earm.
1145 559 1202 626 Ill.

294 663 402 747 ¹Peg.
426 668 500 726 213.
522 685 550 724 e.
570 663 601 724 b.
644 663 807 746 Pentioipie
835 661 927 741 νέας,
957 658 1082 742 ἐκκέας,
1111 677 1142 724 et
1165 685 1240 746 quse
1260 665 1325 727 sint

227 768 348 846 eheilie,
368 781 523 848 temquem
543 767 661 828 Atticae
683 761 811 830 disiecto
833 768 1029 851 repugnantia
1058 769 1162 847 nescio
1184 791 1222 829 eu
1244 768 1324 830 nolio

227 873 297 936 dius
327 871 513 934 damnaverit
542 869 742 934 Doederlinus
776 871 810 932 iu
839 869 988 951 Symboll.
1016 869 1152 933 Helvott.
1178 873 1221 938 Τ.
1240 871 1265 938 Ι.
1286 895 1322 956 p.

228 977 305 1042 246.
326 997 374 1058 sq.
418 975 584 1038 Memorato
612 977 656 1038 ibi
683 973 819 1058 Bergleri
848 977 1018 1038 coniectura
1047 977 1080 1037 iu
1108 973 1322 1064 Aristophanis

226 1081 298 1144 Pae.
319 1065 470 1148 ν.“1132.
493 1077 599 1152 ἐκκέας
619 1077 683 1144 τῶν
703 1071 806 1153 ξύλων
831 1063 898 1140 iln’
927 1061 1009 1164 ἂνῇ
1039 1079 1121 1141 huno
1141 1079 1322 1140 iu-modum

228 1187 327 1270 pergit
345 1186 396 1248 vir
425 1185 635 1246 doctissimus:
673 1184 810 1262 „norim
837 1183 933 1244 forme
961 1180 1034 1254 νέας
1053 1205 1114 1244 uon
1136 1185 1228 1266 magis
1247 1205 1323 1266 pro·

229 1292 318 1352 betur
350 1288 467 1350 Attioee
495 1287 623 1350 dielooto
649 1311 744 1370 quem,
775 1309 917 1370 praeseus
944 1286 1039 1372 selu3
1079 1288 1215 1370 ipseque·
1229 1307 1324 1370 preve

227 1393 286 1456 iste
307 1393 478 1455 coniectum
498 1391 642 1474 deeeptus
664 1407 709 1454 est
728 1394 947 1468 nortmannus,
976 1411 1045 1452 oum
1073 1390 1132 1452 hoo
1159 1391 1229 1452 loeo
1249 1398 1321 1452 ute-

178 1501 187 1516 *
229 1499 317 1558 betur
325 1539 337 1570 ,
365 1515 425 1578 quo
454 1495 539 1558 uisus
567 1497 599 1556 in
627 1495 723 1580 Soph.
745 1495 794 1560 ΕΙ.
819 1499 893 1561 759.
922 1494 1049 1556 formem
1077 1493 1235 1574 κείαντες,
1273 1496 1324 1556 cui

231 1599 349 1660 dudum
373 1599 502 1660 editores
523 1601 627 1682 probis
650 1622 666 1660 e
687 1599 780 1662 MSS.
811 1600 1025 1662 substituerunt
1056 1587 1205 1682 minster,
1230 1621 1325 1662 revo-

117 1729 121 1742 ¹
230 1716 332 1782 επεὶ,
352 1702 422 1766 vid.
435 1701 577 1772 λ(ἱειιιιιει.
599 1703 652 1766 Gn
674 1726 707 1786 p.
731 1705 826 1765 364.“
862 1703 946 1766 Looo
967 1701 1188 1786 Aristophaneo
1210 1717 1325 1766 oetero-

128 1875 131 1882 ,
231 1809 305 1888 quin
342 1807 539 1870 vexatissimo
577 1827 640 1868 non
669 1805 799 1868 multum
827 1808 1023 1870 tribuendum
1052 1829 1117 1870 esse
1152 1808 1325 1887 concedent,

230 1911 372 1991 quoniam
395 1931 435 1971 ex
461 1913 610 1994 corruptis
637 1911 865 1996 argumentandi
895 1913 970 1974 sntio
1000 1911 1063 1974 lere
1091 1913 1209 1974 infirme
1236 1925 1327 1993 etque

228 2015 343 2077 lubrice
364 2027 427 2092 est,
459 2013 531 2076 lieet
551 2015 721 2078 Bruuohius
750 2015 847 2076 simile
870 2011 975 2096 ἐννέας
995 2013 1049 2078 vel
1066 2012 1196 2097 ovyus‘uc
1218 2019 1323 2080 conie-

230 2120 303 2182 cerit
322 2131 353 2180 ot
373 2119 473 2200 ipsum
495 2105 601 2190 ἐκκέας
620 2119 776 2180 addicente
799 2119 909 2180 Codice
930 2119 1071 2184 Rnrenn.
1088 2121 1126 2180 eb
1146 2121 1320 2184 Invesuizio
1352 2110 1356 2118 „

231 2225 264 2286 in
299 2223 465 2284 orationem
493 2236 648 2304 reeeptum
676 2223 734 2286 sit:
778 2225 817 2284 de
851 2243 944 2284 versu
975 2238 1075 2284 eutem
1110 2245 1127 2284 e
1160 2225 1335 2307 Sophoclis.
1403 2241 1404 2262 ¹

229 2325 342 2390 Eleotr.
372 2338 476 2388 uoteto
504 2347 566 2388 uon
594 2339 675 2390 recte
702 2328 849 2389 iudicasse
878 2325 1097 2390 Doederlinum
1128 2329 1237 2409 quovis
1275 2331 1326 2412 pi·

232 2453 326 2518 gnore
348 2429 563 2494 contenderim·
605 2431 668 2494 Ubi
690 2431 717 2494 si
738 2432 848 2494 emovit
868 2432 973 2491 boetus
994 2433 1213 2509 Eumenous,
1235 2434 1267 2496 in
1289 2455 1325 2495 eo
1403 2423 1404 2429 ἵ

232 2557 314 2600 error
332 2533 493 2616 ponendus
515 2545 576 2611 est,
605 2534 686 2616 quod
708 2537 823 2616 epicam
844 2533 1135 2612 tomeriensis,
1164 2557 1272 2618 quem,
1293 2517 1334 2598 ni

233 2639 378 2705 memorie
397 2659 447 2698 me
468 2635 563 2714 tetus,
596 2639 630 2698 iu
651 2635 778 2708 κέαντες
798 2639 931 2720 primum
953 2659 1023 2700 eum
1044 2633 1204 2712 Erfurdtio
1226 2657 1327 2703 mute-

232 2758 298 2804 tum
326 2743 387 2804 ivit
409 2742 615 2805 Hermeuuus.
657 2741 775 2802 Deinde
797 2741 871 2822 quid
891 2742 1034 2806 faciemus
1053 2743 1198 2824 Aeschyli
1225 2747 1326 2808 verbis

233 2839 308 2928 ditos
326 2843 453 2915 κέαντες
481 2833 503 2924 ἢ
531 2831 678 2923 τεμόντες
707 2831 882 2928 εὐφρόνως,
911 2845 944 2906 in
973 2845 1081 2930 quibus
1110 2847 1200 2930 plane
1226 2851 1329 2910 omnin

235 2965 267 3012 et
286 2949 423 3012 lectionis
443 2947 572 3014 resistes
593 2943 704 3008 nulla?

320 3055 406 3138 Peg.
426 3051 501 3116 214.
523 3073 551 3114 ι.
594 3053 746 3114 Eustethii
764 3051 849 3116 loeus
871 3067 917 3117 est
936 3055 969 3116 in
990 3053 1327 3140 Odysssp.1390,51.
1402 3117 1403 3120 ,

234 3158 283 3221 ed.
303 3159 394 3220 Rom.

321 3263 409 3345 Peg.
431 3267 505 3324 220.
527 3281 556 3327 e.
577 3259 610 3326 h.
654 3247 824 3348 μεταλλεῦς
861 3283 925 3323 vor
958 3275 1005 3324 est
1038 3283 1132 3346 eoque
1167 3269 1263 3348 proba
1291 3288 1324 3326 oo

234 3351 464 3447 μεταλλευτὴς,
490 3377 524 3425 ut
552 3386 570 3426 e
598 3363 777 3445 quibusdem
802 3365 1000 3448 improbatum
1028 3387 1094 3430 esso
1118 3369 1246 3435 mireris.
1288 3370 1326 3430 V.

235 3469 393 3534 Soheoler·
423 3470 462 3530 ed
484 3467 587 3534 Sobol.
609 3465 715 3551 Apoll.
735 3469 837 3532 Rhod.
869 3471 908 3531 T.
930 3471 970 3531 ll.
1000 3493 1032 3554 p.
1057 3477 1109 3535 93.
1147 3487 1178 3534 et
1206 3475 1239 3534 in
1258 3475 1324 3536 lud.

288 3579 363 3637 660.

228 3599 267 3716 d).
320 3675 411 3759 Peg.
435 3681 527 3740 223.
556 3673 680 3755 Λέμμα,
701 3667 773 3736 ἀντὶ
793 3671 853 3736 τοῦ
874 3669 1019 3755 Mesopo.
1061 3678 1155 3756 Quod
1175 3699 1257 3741 nune
1277 3699 1329 3742 se-

234 3783 337 3864 quitur
355 3773 462 3860 λέπος,
483 3769 598 3844 κοινόν.
629 3793 765 3862 seperare
787 3779 860 3840 dicit
888 3781 913 3842 Ι.
935 3781 971 3850 G.
992 3781 1127 3849 Wolfius
1149 3761 1328 3846 Montefere-

235 3887 358 3950 ooniuut
377 3905 396 3946 e
415 3884 566 3966 prioribus
595 3898 625 3946 et
649 3905 774 3946 novum.
793 3883 889 3946 ferme
910 3905 1044 3950 vorsum.
1086 3886 1220 3949 Platonis
1241 3887 1327 3950 locus

231 3991 267 4051 'in
289 3989 418 4050 Timaeo
439 3999 553 4070 prostat
573 4009 607 4072 p.
630 3993 704 4068 109,
730 3995 780 4052 18.
801 3988 900 4054 belsls.
921 3991 975 4050 ubi
997 3989 1178 4054 Seholisstes
1200 4013 1232 4074 p.
1252 3992 1327 4058 428.

236 4083 358 4171 φλοιὸς,
379 4083 515 4168 linteus
548 4089 690 4175 explicet.
734 4092 879 4156 Similiter
901 4095 1031 4156 Zonnrss
1052 4095 1090 4160 T.
1111 4096 1155 4157 ΙΙ.
1177 4118 1206 4158 ε.
1232 4101 1327 4158 1297.

236 4194 346 4266 Aluos
373 4190 428 4256 sol
459 4187 594 4276 λέπισμα
623 4193 677 4257 eoi
703 4191 839 4282 λέπερον
861 4194 913 4283 (oo
934 4219 1008 4262 usus
1028 4212 1075 4262 est
1096 4213 1199 4263 euotor
1220 4201 1327 4262 listre-

121 4325 127 4338 ·
238 4298 336 4366 ohom.
356 4319 390 4364 r.
417 4298 523 4389 131),
554 4293 570 4362 ὃ
593 4287 712 4380 φλοιός.
