2844 4946
258 315 316 368 Π

345 457 480 522 Eruditis
501 469 602 522 sutem
630 469 665 520 nt
695 454 752 520 alie
775 457 866 520 etiam
895 453 1066 520 dote'lilrer
1086 453 1234 541 placeret,
1264 461 1352 518 coon-

260 565 345 631 sione
365 565 513 626 innitente
532 561 625 625 letius
653 562 790 646 evagari,
817 560 939 647 lioptee
960 560 1100 625 Grseose‘
1120 561 1244 624 divitius
1275 581 1354 643 quo·

260 669 330 732 dem
350 667 441 730 modo
462 687 571 752 augere
595 679 627 728 et
655 665 734 728 male
763 665 879 744 silentis
910 679 1050 732 veterum
1071 665 1257 730 Grseoorum
1276 663 1353 742 scri-

259 751 321 860 ptis
353 773 532 834 medicinam
569 769 732 848 edlribere,
775 783 863 850 etque
897 769 957 832 hoo
994 769 1186 848 condimento
1220 768 1355 830 tsediurn

259 875 497 940 Grsmmsticum
515 875 650 938 minuere
671 873 774 938 visum
795 888 850 936 est.
892 873 966 938 Feci
985 875 1052 953 hio,
1084 874 1167 957 quod
1187 895 1277 964 saepe
1297 894 1355 956 pe·

191 1037 194 1044 .
260 976 458 1068 r'egriuatores
479 980 602 1063 faciunt,
625 979 676 1062 qui
695 977 830 1040 locorum
842 980 1023 1046 amoenitate
1037 977 1133 1042 illecti
1152 977 1261 1062 pedem
1279 998 1355 1060 pro-

261 1085 363 1148 ferunt
384 1098 414 1146 et
434 1087 470 1146 sb
492 1068 600 1146 itinere
619 1079 829 1166 primum-sibi
848 1085 1005 1166 proposito
1033 1081 1169 1166 paullum
1190 1083 1356 1144 deflecten-

262 1204 309 1253 tes
331 1187 364 1251 in
385 1189 501 1252 vicinas
518 1172 684 1270 ¹aliquando
713 1187 849 1270 regiones
879 1199 1053 1248 excurrunt.
1096 1185 1229 1264 Verum,
1261 1199 1297 1247 ut
1318 1207 1355 1246 eo

247 1293 382 1358 'tandem
403 1293 580 1369 deveniam,
611 1291 694 1374 quod
717 1311 807 1374 supro
828 1289 968 1354 consulto
989 1291 1194 1374 praetermisi,
1224 1287 1356 1350 multum

261 1419 280 1474 s
300 1409 420 1480 recepto
442 1395 533 1457 hodie
561 1396 594 1456 in
617 1396 832 1458 Grammaticos
852 1395 1005 1457 Atticistas
1029 1381 1250 1458 commentandi
1271 1415 1356 1456 more

252 1486 387 1564 'discessi
413 1513 444 1560 et
470 1497 562 1584 plane
591 1499 747 1560 diversum
786 1520 804 1558 a
831 1497 984 1584 plerisque
1019 1497 1192 1592 hominibus
1227 1495 1355 1560 eruditis

253 1589 347 1667 'tenui
368 1599 549 1666 institutum.
593 1603 744 1665 Nimirum
764 1601 798 1663 hi
819 1601 943 1686 prolatis
965 1623 982 1664 e
1002 1590 1196 1686 scriptoribus
1217 1622 1278 1664 non
1300 1621 1355 1662 so·

261 1711 327 1774 lum
349 1709 473 1784 Atticis,
493 1706 547 1768 sed
567 1719 597 1766 et
617 1705 702 1784 aliis,
721 1718 757 1766 ut
776 1707 901 1770 interius
923 1707 1190 1784 demonstrabitur,
1218 1706 1357 1767 vocabu-

260 1813 380 1892 lorum,
406 1832 483 1892 ques
505 1809 698 1872 Grammatioi
714 1795 879 1892 ‘El-lennensi
903 1811 969 1874 sive
988 1797 1077 1872 somni
1100 1807 1270 1894 appellent,
1298 1831 1357 1870 ex-

263 1915 372 2000 emplis
394 1913 611 1977 Grammaticos
645 1905 888 1996 turpissimorum
917 1935 1052 1978 errorum
1082 1929 1112 1977 et
1141 1935 1275 1978 summes
1304 1913 1357 1974 in·-

186 2073 194 2098 ,
255 2023 366 2084 'eritius
393 2039 462 2080 eum
493 2018 557 2102 peri
584 2015 766 2102 negligentis
794 2020 968 2102 coniunctae
990 2011 1167 2082 ooniinoere
1192 2031 1357 2080 conentur:

261 2143 321 2188 neo
343 2124 402 2185 hoo
421 2135 556 2184 tanturn:
575 2122 629 2184 ssd
650 2135 681 2184 et
703 2123 787 2184 omni
807 2123 890 2206 ipsos
912 2123 1094 2186 contumelia
1112 2135 1245 2203 vexent3
1279 2142 1358 2205 quos

258 2227 341 2292 'nihil
362 2228 421 2289 lroc
439 2225 472 2288 in
491 2213 659 2290 litters‘rum
680 2247 789 2312 genere
808 2227 933 2305 vidisse,
955 2229 1082 2310 Hypsas
1104 2229 1259 2305 caeciores,
1281 2225 1357 2307 quin

259 2333 383 2410 lr‘srdos,
405 2331 546 2415 pecudes,
567 2331 685 2415 stipites
705 2329 797 2393 fuisse
819 2331 957 2394 clamant.
992 2331 1092 2410 Quem
1111 2333 1185 2395 adeo
1206 2331 1358 2416 insignem

261 2437 405 2500 iniurium
423 2448 459 2497 nt
479 2456 535 2518 pro
555 2436 674 2498 viribus
695 2433 888 2519 repellerem,
909 2435 1198 2515 Grammaticorum,
1217 2435 1358 2520 inprimis

181 2523 187 2541 ¹
261 2540 488 2617 Atticistsrum,
518 2553 609 2621 etque
636 2539 713 2600 sdes
733 2539 881 2602 Moeridis
907 2539 970 2600 mei
991 2561 1125 2632 censum
1151 2561 1249 2624 paene
1269 2541 1359 2602 abie-

259 2657 342 2710 ctum
361 2665 397 2708 eo
412 2643 599 2726 desperetam
615 2643 738 2726 passim
759 2643 794 2706 in
813 2643 894 2706 notis
912 2645 1055 2728 suseepi3
1088 2644 1268 2707 honestem
1287 2643 1358 2708 loco

262 2749 302 2812 de
323 2761 406 2810 recto
426 2747 697 2810 Grsmmstioorum
714 2746 924 2810 Attidistsrum
944 2769 1005 2810 usu
1022 2747 1127 2833 paullo
1147 2747 1268 2832 plenius
1288 2748 1359 2814 dis-

260 2865 370 2938 putare
397 2853 549 2915 constitui.
602 2850 696 2930 Quod
723 2851 800 2934 ipsis
827 2853 904 2915 viris
933 2852 1031 2916 doctis
1058 2853 1221 2937 et·peritis
1248 2853 1359 2916 harum

259 2965 364 3022 rerum
385 2953 536 3020 indueus
555 2975 618 3018 non
646 2956 796 3040 ingrstum
818 2955 902 3036 f⁰¹⁶i
934 2959 1084 3021 tironibus
1112 2971 1212 3020 nutem
1238 2955 1357 3020 littere-

258 3083 330 3126 sum
351 3059 533 3123 Greeosrum
553 3060 722 3122 meritus
742 3057 879 3136 utileret
902 3060 942 3122 sd
961 3062 1062 3140 viam,
1097 3083 1158 3144 qus
1177 3061 1224 3123 ¹ed
1244 3061 1360 3124 Grem-

261 3165 386 3228 rnstinos
407 3163 548 3247 eooedere
569 3163 707 3240 debent,
729 3163 922 3230 nmaiendam
944 3166 1222 3256 necessarinmesse
1235 3185 1356 3230 censeo.

260 3267 381 3348 Quodsi
401 3267 483 3330 enim
508 3267 584 3330 eden
610 3265 714 3330 stolidi
734 3281 765 3330 et
787 3266 903 3330 'mulsi
929 3269 1042 3331 luerint
1068 3270 1121 3332 isti
1141 3261 1357 3348 Gmnimstici3

259 3373 354 3438 sitot
373 3383 436 3434 tem
453 3369 598 3434 ridiculos
627 3372 837 3456 commiserint
858 3393 993 3452 errores3
1020 3373 1048 3435 si
1076 3371 1140 3452 nil,
1168 3373 1228 3436 nisi
1257 3393 1357 3436 meras

259 3494 376 3558 unges,
407 3475 531 3538 sil'eniss
553 3474 744 3557 ineptiasque
764 3473 1031 3556 nonsmibillnriot3
1071 3475 1199 3542 simeln
1220 3477 1356 3557 denique

259 3579 361 3642 snimo
379 3591 410 3641 et
430 3579 519 3642 foeda
537 3576 694 3646 alienandi
722 3577 850 3642 libidine
878 3581 1028 3662 optimum
1048 3601 1199 3664 quemque
1219 3581 1356 3644 Graeco-

259 3705 330 3746 rum
349 3695 392 3760 et,
412 3683 494 3764 quod
514 3682 682 3746 meximum
700 3681 800 3746 saelus
814 3695 878 3761 ¹est,
892 3687 994 3746 *samos
1016 3686 1106 3746 etism
1120 3669 1279 3768 scriptores
1299 3685 1357 3748 in·

258 3786 401 3865 weriot,
422 3799 455 3848 et
473 3785 619 3868 pestilens
639 3787 725 3850 virus
747 3808 836 3850 suum
856 3787 891 3848 in
911 3809 964 3852 eos
983 3789 1147 3853 effuderint
1166 3783 1256 3874 (hseo
1271 3789 1357 3851 enim

258 3901 290 3953 et
316 3889 428 3952 similis
455 3911 525 3952 cum
555 3889 630 3954 etthi
656 3903 724 3956 tum
750 3890 784 3951 iu
812 3893 1001 3972 quomdam
1030 3897 1111 3956 notis
1139 3893 1179 3956 nd
1201 3894 1358 3970 Thomsm

257 3995 425 4078 reperiant
458 3994 593 4078 proiecto
615 3993 697 4056 lrmrd
713 4007 786 4056 sunt
806 3994 907 4080 digni,
936 3997 990 4079 qui
1008 4019 1026 4060 e
1046 3999 1178 4062 tenebris
1198 4000 1232 4060 in
1253 3997 1358 4061 lucem

256 4097 446 4183 proferentur
467 4111 498 4158 et
519 4095 676 4183 legentur3
713 4097 951 4180 multominus,
981 4103 1034 4183 qui
1055 4103 1243 4167 eruditorum
1265 4125 1358 4165 oom-

256 4203 409 4266 menteriis
438 4201 626 4266 illustrentur
657 4213 710 4266 snt
738 4201 923 4268 refellentur.
965 4205 1135 4289 Equidem,
1170 4229 1358 4289 quemquem

255 4305 471 4371 Grammaticos
501 4305 640 4372 homines
670 4306 763 4373 tuisse
790 4307 855 4373 snio
884 4319 916 4373 et
944 4313 1098 4376 communi
1127 4312 1246 4376 emendi
1275 4313 1358 4375 sorti
