2844 4946
216 303 281 352 nv

216 431 367 498 sodalitas.
410 426 473 490 Sed
502 447 542 490 ne
569 427 638 510 quis
667 440 745 492 erret
776 427 872 506 lorte,
915 441 1027 491 nosvs‘
1049 429 1156 492 erroris
1185 439 1305 491 accunt

216 542 318 623 ipsos,
360 531 394 595 id
412 533 564 614 quomodo
584 531 679 595 velim
706 529 861 616 intellegi,
906 531 1004 594 dicem
1032 537 1174 618 apertius·
1217 533 1305 611 Ques

218 641 299 727 epud
319 638 445 702 Snidam
465 637 576 715 hodie,
599 649 630 698 et
649 636 730 720 apud
749 636 904 714 Moeride,
922 637 1080 722 leguntur,
1103 659 1138 699 ea
1158 657 1221 700 non
1243 651 1305 698 tem

218 729 351 809 s‘suoa
380 742 614 826 transscripsisse
644 739 756 802 censeri
785 741 895 802 debent
917 731 1125 820 Grammatici,
1152 761 1243 822 quern
1265 759 1306 802 ex

216 853 255 914 iis
275 850 377 934 potins
397 845 494 924 libris,
515 868 532 908 e
553 845 662 926 quibus
685 857 838 908 mutuatus
860 846 899 907 sit
921 865 974 908 sus
990 845 1100 908 Suidas
1120 843 1305 927 compilator.

218 955 306 1018 Certe
325 951 471 1014 Moeridis
493 948 598 1012 Codex
618 948 689 1027 ille,
734 971 824 1030 quem
853 950 886 1009 in
914 947 1095 1012 bibliotheca
1123 945 1306 1010 Coisliniena

217 1079 282 1124 esse
303 1077 394 1140 snpra
409 1055 660 1139 significavimus,
682 1053 782 1114 iudice
802 1051 1053 1133 Montelnloonio,
1076 1075 1176 1116 rernm
1196 1053 1305 1114 bnrnm

215 1159 491 1246 intellegentiasimo
510 1159 596 1239 Viro,
619 1157 745 1240 scriptas
766 1158 827 1218 iam
848 1155 967 1220 soeculo
988 1159 1104 1221 decimo
1129 1171 1185 1222 eet.
1215 1155 1305 1234 Quo-

192 1266 308 1350 ‚mode
328 1266 421 1348 igitur
442 1283 459 1322 e
480 1261 573 1324 Suida
595 1263 698 1346 angeri
719 1283 738 1321 e
758 1260 968 1324 Grammaticis
998 1261 1119 1326 libellus
1146 1262 1302 1324 Atticistae

215 1368 318 1437 Nostri
338 1357 493 1450 potuerit?
537 1365 599 1426 Sed
619 1366 643 1426 ii
663 1363 734 1426 libri
755 1387 850 1445 quum
869 1365 922 1427 vel
939 1367 1124 1444 interierint,
1149 1365 1202 1427 vel
1223 1386 1303 1426 non·-

216 1476 290 1538 dum
311 1470 417 1534 saltem
440 1469 513 1531 editi
535 1469 614 1549 sint,
631 1487 737 1532 eorum
754 1467 842 1547 loco,
862 1471 987 1560 opinor,
1013 1483 1092 1534 recte
1112 1469 1312 1534 laudavimns'

214 1577 350 1642 Laxicon
378 1573 500 1638 Suidae.

301 1717 344 1778 Et
364 1715 434 1795 quie
463 1711 502 1772 ad
522 1709 615 1773 libros
634 1709 782 1774 Moeridis
809 1715 936 1796 scriptos
964 1725 1090 1776 ventum
1112 1726 1175 1779 ests
1203 1711 1306 1774 licebit

215 1843 289 1908 psce
310 1819 398 1894 Tua,
431 1814 485 1878 Vir
505 1815 695 1893 doctissime,
736 1830 767 1877 st
784 1817 983 1900 dereliquis,
1013 1821 1066 1900 qui
1088 1817 1162 1880 milri
1183 1818 1306 1898 quidem

215 1929 247 1988 in
267 1925 403 1986 notitiem
424 1921 570 1992 venerint,
591 1921 722 1982 breviter
744 1941 904 2003 exponere.
947 1921 1067 1986 Praeter
1089 1921 1307 1986 Coialinienum

216 2019 423 2108 codicem*),
450 2025 503 2104 qui
521 2025 729 2086 membraneus
751 2037 906 2106 essetque
928 2027 1057 2110 optimae
1080 2041 1185 2108 notae,
1216 2026 1306 2088 Veti-

216 2153 307 2196 canus
330 2141 578 2191 commemoratur
607 2151 626 2190 s
651 2125 809 2189 Manassen
839 2129 872 2190 in
905 2130 1111 2194 dissertatione
1133 2130 1244 2192 Critice
1265 2131 1305 2192 de

214 2225 537 2319 Hamoerafions**),
580 2243 612 2292 et
643 2231 828 2308 Vossianus,
871 2234 923 2314 qui
949 2257 1032 2297 nunc
1058 2235 1090 2297 in
1123 2234 1307 2298 bibliotheca
1416 2309 1417 2314 η

214 2337 358 2403 Leidensi
386 2349 448 2409 est,
477 2337 514 2395 ab
546 2333 669 2396 Alberto
699 2335 739 2398 V.
764 2329 900 2422 affl).
943 2339 1008 2416 Eo,
1041 2339 1131 2420 quem
1154 2339 1306 2402 Antonius

215 2431 389 2528 Eparchus,
413 2441 615 2520 Corcyreens,
638 2441 796 2504 Francisco
817 2442 935 2524 primo,
957 2443 1100 2505 Franciae
1122 2443 1204 2528 regi,
1224 2443 1307 2504 dono

215 2549 317 2623 dedit,
339 2557 369 2605 et
389 2565 468 2624 quo,
489 2555 607 2625 prester
627 2541 781 2619 Moerida,
810 2543 898 2604 multi
919 2543 969 2606 alii
989 2545 1058 2607 libri
1081 2547 1187 2609 Graeci
1209 2549 1308 2608 conti-

216 2665 343 2725 nentur,
372 2645 500 2730 Regium
521 2645 616 2730 vulgo
647 2641 925 2730 appellanttfflj,
952 2651 986 2709 in
1008 2649 1192 2712 conficiendo
1214 2651 1309 2716 Glos-

216 2755 293 2818 sario
315 2751 461 2832 Congium
482 2771 572 2810 usum
595 2771 676 2826 esse,
707 2749 1011 2833 Vindobonensisque
1039 2753 1191 2838 exemplar
1211 2779 1309 2838 penes

214 2857 281 2918 lob.
309 2854 468 2916 Pricaeum
494 2851 608 2932 fuisse,
644 2851 781 2934 superius
819 2854 1100 2920 demonstravimus.
1145 2860 1208 2936 Qui
1236 2859 1311 2923 libri

215 2979 321 3022 omnes
342 2978 381 3018 ex
400 2977 462 3016 uno
485 2953 652 3035 eodemque
674 2956 758 3016 fonte
779 2953 862 3017 ducti
883 2957 1014 3039 luerint,
1053 2983 1091 3022 an
1120 2985 1137 3022 e
1167 2953 1310 3046 pluribus

214 3079 245 3126 et
267 3061 413 3138 diversis,
443 3060 522 3137 dici,
554 3081 648 3140 qnam
671 3079 724 3120 eos
747 3081 917 3142 comparere
938 3064 1017 3126 inter
1036 3087 1070 3127 se
1092 3087 1154 3127 non
1176 3066 1308 3148 licuerit,

215 3190 277 3230 non
298 3177 406 3250 potest.
449 3163 511 3226 Sed
539 3165 566 3224 ai
595 3185 613 3223 e
641 3162 796 3244 particulis
827 3177 927 3227 tamen
956 3169 1155 3249 quibusdam,
1197 3173 1311 3253 quibus

215 3285 357 3351 tanquam
378 3267 505 3351 gemmis
535 3263 623 3326 multi
644 3267 711 3328 Viri
732 3266 812 3328 docti
833 3289 887 3332 sua
910 3271 1040 3353 scripta,
1068 3273 1166 3336 veluti
1188 3275 1311 3339 Selme-

216 3375 290 3452 sius,
311 3371 461 3444 Prieneus,
484 3369 626 3454 Csngius,
648 3361 859 3452 spanhemius,
880 3371 1041 3454 tilbertus,
1061 3391 1091 3438 et
1111 3377 1173 3457 alii,
1196 3380 1313 3443 distin-

216 3497 305 3553 xers‚
325 3473 473 3535 indicium
493 3473 665 3534 laciendum
686 3476 727 3535 sit
748 3474 786 3536 de
807 3473 892 3538 libris
912 3478 1054 3563 integris:
1089 3503 1151 3544 non
1169 3505 1219 3566 ¹ert
1243 3497 1312 3548 nnn

218 3597 339 3653 omnes,
361 3575 415 3637 sed
437 3597 455 3638 e
475 3576 614 3660 pluribus
634 3575 809 3658 eisdemque
830 3577 958 3645 diversis
979 3585 1143 3668 exemplis,
1164 3589 1315 3654 videntu'r

217 3703 283 3746 ease
305 3678 456 3763 descripti.
534 3709 539 3722 ¹

302 3817 381 3880 Nam
411 3813 450 3878 de
484 3829 549 3881 tcto
580 3817 702 3899 quidem
729 3817 876 3882 Moeridis
909 3819 1015 3886 libello
1050 3824 1205 3912 vulgando
1238 3845 1315 3896 ente

217 3949 420 3970 ἡ

252 4017 280 4086 *)
299 4035 326 4068 lia
344 4013 542 4071 cccx-xxxv·

251 4103 295 4171 tt)
313 4120 340 4170 p.
357 4101 419 4171 593.
436 4101 499 4153 edit.
518 4103 662 4158 blsncs'rdi.

248 4189 309 4255 m)
329 4185 475 4241 Obssreett.
493 4185 529 4240 ll.
549 4187 581 4240 F.
599 4205 628 4258 p.
647 4189 705 4260 ¹7³·
722 4190 773 4262 257
791 4203 818 4245 et
836 4191 898 4265 557.

133 4343 138 4351 ι
247 4273 322 4343 stes)
341 4271 469 4331 mensu
485 4274 562 4328 etism
577 4291 592 4327 a
606 4271 730 4331 salmasio
743 4277 889 4335 Observrtt.
906 4279 940 4336 ad
955 4277 1001 4338 tu
1010 4277 1114 4362 Atalst
1126 4283 1235 4355 ΒΜ.
1248 4286 1316 4344 ros.
