2860 4942
1054 291 1219 364 'cr

125 473 212 514 mum
234 473 386 536 quemque
407 454 583 537 scriptorem
607 451 797 520 sbsdutdsse.
846 447 951 520 Semel
977 447 1130 515 monuisse
1154 465 1218 506 non

125 571 286 620 contentus
308 561 389 620 binis
411 557 488 620 locis
504 543 596 636 {hoec
629 555 797 620 luculenter
825 555 926 640 prodit
954 553 1068 618 Auctor
1099 547 1216 632 Συναγ.

120 659 203 736 Λέξ.
220 681 308 745 mo.
322 663 354 722 in
373 661 559 724 Beclrmeoni
574 661 633 726 An.
652 661 705 726 Gr.
723 659 791 725 Vol.
805 661 833 730 1.
847 683 880 744 p,
896 661 970 725 416.
986 672 1061 723 extr.
1091 651 1218 736 Χρῆμα,

119 763 269 847 πρᾶγμα,
290 764 410 848 κτῆμα,
433 760 592 842 πλοῦτος,
611 757 721 843 cittis,
741 759 857 844 λῆμμα.
885 749 968 848 παρὰ
999 756 1034 824 di
1052 753 1217 828 Ἀττικοῖς
1335 777 1342 788 ’

115 858 221 946 μόνον
240 859 277 931 τὸ
298 867 424 953 πρᾶγμα
445 865 574 952 λέγεται.
596 883 671 954 etp.
690 871 765 948 4¹7,
783 876 813 936 9.
835 865 950 950 Χρῆμα
965 859 1003 930 οὗ
1017 850 1054 926 cd
1069 854 1216 948 dpyipcos

115 968 259 1056 λέγεται,
281 961 360 1034 itti
376 960 414 1034 nd
430 971 565 1057 πρᾶγμα.
602 975 686 1036 ldem
706 975 894 1058 praecipiunt
918 973 1079 1034 maximum
1098 981 1215 1052 partem

114 1077 232 1159 reliqui
250 1079 454 1157 Gnmmstici,
477 1092 507 1140 et
523 1079 664 1160 quonism
680 1079 819 1142 homines
842 1076 957 1140 creduli
977 1079 1011 1138 in
1035 1093 1166 1136 errorem
1181 1091 1215 1131 se

113 1183 225 1244 induci
247 1181 333 1244 facile
350 1184 521 1265 potiuntur,
548 1183 657 1244 stolide
680 1185 775 1246 secuti
801 1197 872 1245 sunt
896 1179 1096 1257 Scholiastse,
1116 1173 1214 1238 veluti

114 1289 269 1368 Thucyd.
283 1288 323 1349 sd
345 1285 642 1370 lib.vl1.esp.25.
685 1289 788 1368 ltaque
808 1287 927 1348 Moerin
949 1305 1069 1366 quoque
1089 1294 1213 1346 senten·

113 1394 177 1454 tiae
198 1390 283 1454 illius
297 1404 456 1474 patronum
472 1393 605 1453 extitisse
622 1411 711 1471 quem
727 1385 882 1454 offendet?
926 1388 1012 1466 Ques
1035 1388 1149 1448 sivero
1168 1385 1211 1445 ite

112 1511 201 1575 sunt,
223 1509 357 1558 extreme
377 1497 482 1575 verbe,
499 1507 535 1556 ut
551 1496 651 1556 omniu
672 1496 731 1556 sibi
748 1497 825 1556 bene
846 1505 994 1573 constent,
1016 1492 1138 1552 inverso
1160 1507 1211 1548 or·

110 1601 189 1664 dine
204 1588 306 1677 uo'ruc
327 1595 364 1661 dd
388 1587 427 1660 sd
443 1587 608 1684 πράγματα
632 1587 773 1682 χρήματα
798 1599 887 1660 scribi
909 1597 1023 1676 debere
1038 1595 1095 1658 vix
1115 1612 1212 1673 quen-

111 1726 208 1786 quam
224 1703 430 1766 dubitaturum
454 1725 520 1766 cese
544 1705 693 1768 existimo.
736 1702 856 1766 Pridem
879 1701 911 1762 id
937 1703 1106 1762 coniectura
1128 1717 1212 1757 esse·

110 1823 206 1871 cutus
221 1820 285 1868 eret
300 1807 483 1878 Abreschius
497 1805 655 1872 Dilucidd.
672 1807 837 1888 Thucydd.
855 1831 888 1890 p.
906 1809 982 1873 677.
997 1815 1028 1866 et
1043 1801 1148 1866 Codex
1159 1821 1210 1882 ep·

108 1917 200 1982 Bast.
219 1911 259 1972 ed
275 1911 367 1996 Greg.
380 1911 458 1978 'Gom
474 1934 505 1994 p.
528 1911 603 1976 184.
623 1933 704 1973 nunc
722 1915 888 1976 confirmet.

200 2067 288 2152 Peg.
311 2065 390 2130 575.
412 2089 442 2131 τ.
492 2066 607 2148 Hedyli
639 2068 829 2152 Epigramma
857 2069 967 2128 iterum
987 2070 1211 2152 ‘pertractatum

110 2173 246 2258 legimus
268 2193 286 2231 s
311 2171 461 2232 Westono
483 2173 516 2232 in
540 2171 785 2234 Hermesianocte
807 2194 833 2240 s.
851 2159 1025 2235 Coniectur.
1048 2170 1080 2227 in
1095 2165 1208 2228 Athen.

110 2303 143 2361 p.
162 2279 219 2339 40.
236 2275 290 2336 sed
306 2274 513 2356 infelicissimo
528 2297 668 2337 successu
690 2290 719 2338 et
734 2289 816 2337 tonte
836 2275 1003 2349 securitate,
1025 2284 1060 2332 ut
1075 2269 1207 2351 egregius

111 2381 252 2442 Piersoui
271 2379 496 2441 emendationes
521 2401 583 2440 nou
607 2379 715 2462 legisse
746 2393 798 2440 eut
822 2377 911 2461 plene
938 2397 999 2436 uon
1023 2371 1208 2434 intellexisse

111 2485 264 2560 videatur.
307 2483 447 2543 Medium
461 2486 541 2544 enim
559 2484 731 2560 distichon,
754 2479 833 2563 qu'od
851 2483 1010 2542 maximam
1035 2477 1126 2538 hebet
1146 2473 1209 2534 dil·

110 2588 288 2662 fioultetem,
309 2587 398 2648 scribi
421 2585 491 2648 vult
506 2587 562 2648 hoc
578 2587 687 2648 modo:
702 2567 802 2648 ‘Horo
824 2577 859 2644 (li
883 2583 913 2645 ol
931 2583 1044 2662 Παφίη
1059 2611 1120 2660 -,
1141 2580 1207 2658 χεῖ-

110 2715 177 2772 ται,
198 2705 231 2753 et
249 2693 282 2751 in
297 2693 357 2751 line
380 2687 417 2764 ἕξ
436 2685 558 2762 elil-ove.
588 2683 637 2754 Er
659 2691 781 2753 Graecis
805 2689 891 2752 mulis
915 2691 1023 2749 Latine
1044 2683 1117 2745 lecit
1143 2703 1205 2743 non

109 2801 212 2874 bona,
242 2817 312 2855 nem
336 2795 381 2856 sic
405 2796 463 2856 iste
490 2797 701 2878 interpretetus
725 2808 788 2859 est:
827 2795 961 2856 Adstitit
982 2789 1057 2852 duic
1078 2787 1207 2869 Paphia

111 2902 261 2962 balantes
284 2919 407 2958 emenso
429 2901 574 2975 cultellos,
606 2913 636 2960 et
658 2903 789 2984 copiunt
818 2898 913 2962 Lesbi
929 2898 1047 2980 pocula
1069 2915 1123 2954 sex
1145 2913 1204 2952 ou-

110 3008 200 3065 lices.
245 3003 314 3064 Iure
329 3005 431 3084 itaque
447 3005 645 3086 reprehensus
662 3017 709 3066 est
732 3017 871 3090 e'moguo
885 3003 1018 3062 Porsono
1040 2999 1072 3056 in
1090 2995 1204 3056 Tracts

112 3105 183 3166 arrd
221 3107 465 3168 Miscellaneous
505 3109 674 3170 criticiem.
720 3131 753 3192 p.
778 3111 830 3169 42.
856 3107 910 3168 43.
943 3104 991 3168 ed.
1023 3099 1119 3164 Kidd.
1152 3099 1205 3178 qui

110 3210 249 3270 Piersoni
264 3211 408 3272 rationem
430 3209 521 3271 unice
545 3209 726 3294 amplectens
748 3209 1024 3294 interpretationem
1040 3203 1149 3268 adiecit
1164 3201 1204 3262 ed

110 3315 242 3374 verbum
258 3313 376 3390 sectam,
399 3335 499 3394 quem,
521 3313 681 3376 Piersonus
697 3317 762 3400 ipse
785 3337 877 3398 quum
900 3335 917 3373 e
940 3333 973 3374 se
996 3319 1126 3374 correcte
1141 3327 1203 3366 non

113 3406 312 3500 explicuerit,
334 3419 384 3479 hic
401 3433 533 3502 repetere
553 3421 659 3480 iuvet:
681 3421 734 3500 By
755 3419 858 3478 whom
880 3415 932 3476 tlte
953 3437 1013 3496 cup
1036 3411 1077 3496 of
1090 3407 1202 3490 purple

109 3523 219 3602 gloss,
248 3519 352 3582 which
374 3521 538 3584 masured
559 3523 610 3582 the
621 3522 781 3606 fragrant
803 3525 901 3598 wine,
932 3521 961 3579 is
980 3513 1149 3580 dedicated
1168 3529 1201 3577 to

112 3623 193 3698 thee,
216 3623 376 3739 orVenue.
419 3623 559 3690 Ceterum
581 3626 679 3688 eidem
701 3627 836 3688 Porsouo
857 3623 1035 3690 Adversum,
1066 3644 1100 3704 p.
1126 3625 1200 3684 129.

112 3727 160 3790 ed.
188 3725 328 3798 cantabr.
347 3752 403 3815 pto
433 3727 590 3815 μετροῦσα
611 3726 723 3792 ducier
747 3729 866 3815 plsouit
890 3724 1024 3812 μετροῦν
1046 3717 1200 3793 θυόεντα.

197 3881 284 3970 Peg.
305 3890 383 3954 376.
405 3887 437 3952 b.
480 3885 708 3970 Χέρτιβον,
727 3885 925 3967 pollubrum,
953 3885 1061 3968 Eurip.
1084 3881 1199 3952 Alcest,

112 3995 239 4055 vetuo.
283 3983 402 4052 Πυλῶν
417 3977 558 4074 πάροιθε
574 3985 607 4052 d’
634 3985 693 4072 οὐχ
714 3985 776 4072 ὁρῶ
800 3989 929 4071 Πηγαῖα
946 3985 995 4065 θ’,
1017 3983 1058 4059 ὡς
1081 3981 1200 4064 νομίζε-

113 4111 174 4170 tct,
198 4085 335 4176 Xipvsss'
366 4091 421 4156 ἐπὶ
449 4093 578 4172 φθιτῶν
605 4084 733 4166 nilne.
775 4095 892 4177 Nempe
925 4095 1070 4157 eximium
1094 4097 1128 4155 iu
1148 4093 1198 4155 his

114 4207 231 4259 seeuttn
257 4218 326 4262 sum
350 4201 547 4282 Tragicorum
571 4202 795 4286 sospitatorem,
832 4221 923 4284 quem
946 4213 977 4262 et
998 4199 1134 4262 conferes
1157 4197 1196 4261 sd

113 4299 204 4365 Herc.
226 4302 301 4369 Eur.
322 4324 356 4374 v.
382 4305 459 4372 924.

834 4401 1023 4468 smum
