2844 4946
238 301 367 352 xxxiv

238 462 295 521 rat,
317 447 497 532 indigestam
517 446 671 531 proierre,
693 469 781 529 quarn
802 449 933 510 tenebris
954 445 1122 531 relinquere
1144 446 1258 526 maluit,
1280 449 1334 509 tri-

238 553 375 616 buendos
398 563 428 613 et
447 551 662 614 condonandos
684 553 899 644 existimamus.
1126 615 1135 630 ,
1161 614 1165 624 ,

325 657 412 718 Haeo
434 655 473 717 de
494 670 574 718 recto
597 656 802 718 Atticistarum
824 677 884 718 usu
903 653 969 718 solo
996 655 1133 718 veritatis
1154 671 1256 714 amora
1276 647 1335 714 du-

235 741 305 822 ¹titus
327 757 421 822 iibere
442 759 579 824 ffissmui.
623 761 658 821 st
687 761 761 841 quid
790 759 893 844 paulin
923 759 1019 822 acrius
1045 760 1161 822 dictum
1182 757 1334 836 exciderit,

238 865 316 927 iusta
339 885 426 926 causa
449 877 479 925 et
500 863 698 947 indignatio
688 865 788 925 invito
811 865 969 947 expressit

236 1047 238 1054 Ι
326 969 459 1032 Moeridi
479 969 658 1053 Gregorium
680 967 846 1030 Martinum
877 969 916 1030 de
946 967 1043 1029 veteri
1064 977 1096 1028 et
1115 987 1188 1028 vera
1209 965 1337 1031 Gram-

238 1095 308 1135 mm
342 1071 509 1148 litterarum
546 1073 797 1158 pronunciatione
830 1075 974 1135 comitem
1009 1070 1133 1132 dederat
1160 1069 1336 1132 Hudsonus.

238 1177 305 1240 Nos
335 1177 399 1239 eia's
428 1175 497 1240 loco
527 1176 588 1238 duo
617 1178 830 1254 Hauonrarr,
869 1176 978 1237 olari
968 1175 1107 1258 inprimis
1134 1173 1336 1251 Grammatici,

240 1261 393 1364 opuscuia'
407 1281 595 1358 addidimus,
624 1283 709 1364 prius
731 1293 818 1341 antea
837 1279 1003 1354 ineditum,
1034 1279 1185 1360 posterius
1204 1301 1222 1338 e
1242 1277 1335 1340 MSS.

239 1399 321 1446 nunc
350 1383 442 1470 ionge
471 1385 657 1446 emendatius
686 1395 775 1465 atqua
802 1386 928 1444 auctius.
979 1383 1067 1444 Prius
1097 1382 1277 1464 opusculum
1304 1381 1336 1442 in

238 1489 353 1551 Codice
375 1489 470 1574 Regio
493 1492 591 1553 2552.
620 1511 638 1548 e
664 1509 725 1568 quo
756 1489 788 1547 in
817 1487 1009 1563 Ruhuheuii,
1046 1486 1100 1566 qui
1129 1483 1204 1546 mihi
1232 1497 1337 1568 postea

240 1597 404 1671 concessit,
438 1593 562 1675 gratiam
585 1590 780 1673 descripserat
805 1590 1034 1652 Eruditissimus
1056 1587 1338 1672 Capperonnierius,

239 1695 408 1778 appeiiatur
428 1687 545 1784 Atttop
562 1687 757 1776 ‘Hputitunori
783 1687 980 1776 Φιλέταιρος.
1014 1691 1095 1754 Aelii
1111 1693 1233 1774 quidem
1248 1709 1340 1774 prae·
1412 1675 1413 1680 ἵ

239 1815 350 1861 nomen
373 1801 406 1859 in
428 1797 513 1859 libris
535 1797 641 1874 editis,
679 1797 761 1877 quod
783 1798 893 1874 sciam,
924 1797 1063 1880 nuspiam
1084 1797 1259 1859 Herodiano
1281 1795 1338 1856 tri-

239 1901 363 1980 buitur3
386 1923 493 1964 verum
509 1897 627 1986 ¹iegitur
649 1903 737 1962 etiam
759 1902 792 1962 in
814 1901 908 1968 MSS.
930 1903 984 1981 qui
1006 1913 1077 1962 sunt
1098 1903 1132 1962 in
1152 1899 1342 1962 Bibliotheca

237 2007 317 2078 Divi
346 2007 442 2067 Marci
469 2005 619 2069 Venetiis.
661 2005 700 2067 V.
727 2004 826 2065 Catal.
858 2027 891 2086 p.
912 2007 988 2068 275.
1011 2009 1089 2072 276.
1131 2005 1197 2066 Nae
1218 2023 1342 2064 musam

238 2109 344 2188 video,
365 2133 418 2171 cur
440 2107 529 2170 alicui
548 2121 721 2192 suspectum
741 2129 808 2172 esse
829 2109 954 2188 debeat,
977 2130 1047 2170 cum
1069 2107 1157 2173 multi
1177 2107 1342 2190 sophistae

242 2229 273 2277 et
292 2213 483 2279 Grammatiei
513 2213 595 2273 idem
615 2233 797 2295 praenomen
811 2211 999 2289 habuerint,
1035 2225 1070 2273 ut
1089 2211 1196 2275 Aelius
1217 2213 1360 2292 Diony-x

241 2319 323 2398 tius,
345 2317 452 2379 Aeiius
474 2317 638 2394 Aristides,
664 2315 771 2378 Aelius
791 2317 1029 2400 Harpocration,
1052 2315 1158 2380 Aelius
1179 2316 1345 2400 Asclepia-

241 2423 313 2500 des,
345 2421 450 2484 Aelius
472 2421 561 2482 Theo
583 2417 824 2502 Alexandrinus,
853 2405 923 2482 alii:
958 2421 1123 2503 dequibus
1145 2423 1349 2484 curnVirum
1412 2407 1413 2414 ἵ

242 2509 478 2589 eruditissimum
514 2525 703 2607 eundemque
740 2547 880 2588 socerum
916 2525 1197 2604 honoratissimum,
1240 2527 1346 2590 Heor-

239 2631 492 2715 Cannegieterum
518 2627 754 2707 consuluissem,
792 2630 836 2691 ita
865 2629 1041 2713 respondit:
1082 2631 1263 2714 „sophistae
1291 2629 1349 2692 itti

240 2733 369 2815 „Graeci
390 2725 547 2812 homines,
578 2755 653 2815 quos
674 2733 768 2812 dicis,
790 2733 956 2812 Aristides,
980 2734 1192 2818 Asclepiades,
1214 2735 1349 2814 Diony-

238 2841 343 2918 „sius,
378 2839 618 2920 Harpocration,
655 2837 744 2900 Theo
767 2837 1009 2916 Alexandrinus,
1044 2845 1155 2900 nornen
1176 2837 1274 2916 helii,
1304 2853 1349 2900 ut
1412 2903 1413 2906 ,

143 3006 146 3014 ,
193 2979 199 2992 ·
238 2957 357 3027 „puto,
380 2955 559 3026 acceperunt
578 2943 615 3002 ab
637 2943 819 3026 Imperatore
838 2941 946 3016 Aelio,
969 2943 1008 3004 de
1030 2965 1090 3024 quo
1111 2945 1177 3004 iure
1196 2943 1349 3028 Peregri-

238 3069 370 3126 „notum
399 3047 516 3108 ferendi
543 3047 668 3108 nomina
695 3047 832 3108 Romana
869 3047 934 3108 dixi
962 3069 1061 3130 nuper
1090 3049 1124 3108 in
1155 3048 1193 3108 de
1222 3060 1349 3108 mutata

238 3151 465 3230 „Romanorum
487 3153 645 3212 nominum
667 3153 723 3212 snb
745 3149 935 3234 Principibus
955 3153 1071 3213 ratione
1092 3173 1160 3234 cap.
1181 3152 1236 3214 VI.
1268 3152 1348 3212 Im·-

237 3269 412 3338 „peratores
441 3269 541 3316 autem
580 3269 611 3316 et
635 3255 776 3317 Caesares
812 3255 861 3317 ins
887 3255 969 3316 Aelii
1006 3255 1139 3318 nominis
1167 3255 1350 3318 habuerunt

238 3380 366 3440 „omnes
395 3357 467 3420 inde
499 3346 579 3423 aT.
602 3359 690 3420 Aelio
711 3359 865 3420 Hadriano
897 3379 993 3440 nsque
1014 3361 1053 3420 ad
1074 3359 1261 3422 Pertinacem
1280 3383 1351 3444 per

238 3461 472 3546 „adoptionem,
513 3484 572 3546 qua
595 3483 664 3525 cum
684 3463 839 3525 Hadriano
863 3463 987 3526 fuerunt
1007 3466 1170 3532 coniuncti.
1211 3465 1350 3527 Praeci-

237 3568 314 3650 „pui
336 3581 435 3629 tamen
456 3569 535 3630 inter
555 3589 661 3632 omnes
683 3565 763 3628 Aeiii
788 3569 909 3628 nomine
931 3583 1091 3632 censentur
1111 3569 1283 3631 Hadrianus
1306 3585 1354 3635 et

237 3673 297 3753 „L.
319 3669 425 3734 Aelius
448 3671 573 3756 Caesar,
609 3685 641 3734 et
660 3671 752 3733 huius
772 3671 853 3732 filius
874 3672 983 3734 iisdem
1003 3675 1177 3736 nomintbus
1195 3675 1297 3736 dictus
1326 3701 1354 3739 a

238 3775 424 3857 „nonnuliis,
452 3789 575 3838 atvero
597 3777 630 3836 in
652 3777 784 3838 nummis
804 3775 842 3839 L.
866 3775 1007 3841 Aurelius
1027 3791 1164 3858 vocatus,
1183 3777 1225 3840 de
1247 3781 1353 3845 cuius

237 3881 433 3960 „nominibus
462 3879 556 3941 muita
574 3879 763 3964 Capitolinus
783 3883 816 3941 in
836 3882 917 3944 Vero
939 3883 1124 3967 ¹Imperatore
1145 3907 1214 3967 cap·
1234 3885 1258 3948 1.
1282 3883 1353 3949 Ad

237 3983 417 4064 „Aeliorum
438 4007 509 4068 ergo
530 3985 745 4068 Imperatorum
776 3999 902 4048 aetatem
923 3989 1072 4051 referendi
1093 4003 1164 4050 sunt
1183 3987 1231 4050 ilii
1252 3989 1356 4053 Aelii
1412 4039 1413 4060 ,

237 4087 436 4172 „Sophistae,
466 4101 518 4152 aut
537 4089 564 4151 si
588 4093 656 4171 quis
678 4091 788 4168 serior,
820 4093 884 4154 eius
904 4094 1021 4176 parenti
1044 4095 1151 4160 civitas
1174 4093 1243 4155 data
1264 4097 1356 4156 exi-

235 4195 407 4274 „stimanda
439 4207 484 4256 est
509 4193 546 4255 ab
569 4193 659 4257 Aelio
681 4180 874 4278 imperatore.
917 4197 993 4260 Prae
1023 4201 1127 4261 ceteris
1151 4211 1251 4260 autem
1271 4219 1356 4281 pe-

234 4300 380 4382 „regrinis
401 4297 489 4362 facile
513 4297 669 4384 Sophistas
700 4301 852 4367 civitatem
873 4299 998 4390 adeptor
1021 4325 1086 4370 erse
1109 4303 1251 4369 credibile
1272 4320 1353 4388 eat,
