2844 4946
125 391 136 415 e
208 337 241 386 X

296 479 367 547 Peri
387 477 573 554 humanitate
594 476 785 544 Abrabamut
805 475 998 556 Grouo'vius,
1020 475 1078 540 vir
1098 473 1302 552 doctissimus,

100 619 103 626 ·
209 586 309 646 varias
330 583 493 645 Lectiones
523 603 541 642 e
570 579 645 644 cod.
666 580 735 646 MS.
766 581 807 642 ad
836 581 998 645 editionem
1027 577 1256 642 Hudsonisnam
1284 599 1303 639 a

207 689 336 755 Parente
357 687 386 749 J.
406 686 567 750 Gronovio
588 685 750 770 adscriptas
770 699 876 770 sponte
899 686 974 748 mihi
995 683 1120 748 utendas
1142 681 1299 748 concessit.
1418 719 1419 738 t

296 789 443 854 Ordinem
465 793 625 866 verborum
647 791 809 868 Moeridis,
841 793 947 873 quiin
971 789 1082 852 Codice
1106 785 1301 864 Goisliniano,

208 919 290 960 nunc
312 895 582 978 sangermanensi,
613 895 778 978 reperitur,
800 909 904 978 postea
925 895 1079 958 in'rneam
1098 891 1225 978 gretiam
1248 910 1301 950 ac-

208 1013 309 1064 curate
330 999 488 1086 descripsit
514 998 712 1084 Politissiurus
733 999 942 1062 Radrnlrenius.
1088 1065 1090 1070 ,
1125 1068 1136 1083 ν

200 1115 203 1120 ’
293 1105 434 1166 Tandem
462 1103 677 1188 elegantissimi
707 1103 764 1166 Vir
790 1103 905 1188 ingenii
941 1117 972 1164 et
1001 1123 1072 1186 erga
1099 1101 1210 1162 amicos
1232 1092 1309 1160 offi-'

207 1211 411 1286 ciosissiurus,
440 1207 547 1268 Petrus
578 1211 768 1270 Burmannus
796 1207 955 1270 Secundus
976 1205 1122 1268 Moeridis
1151 1199 1302 1284 exemplar
1418 1215 1419 1242 1

106 1366 115 1379 .
207 1313 317 1376 adme
340 1311 534 1396 deferendum
558 1314 701 1390 curavit,
729 1313 762 1371 iu
785 1313 870 1373 cuius
893 1313 1028 1394 margine
1050 1331 1110 1404 non
1131 1329 1228 1391 pauca
1246 1327 1304 1365 au-

206 1430 364 1480 uotavernt
386 1417 492 1476 doctus
523 1413 577 1475 ille
606 1415 778 1498 Stephanus
808 1410 986 1499 Berglerus,
1029 1411 1171 1496 pleraque
1204 1411 1302 1470 bonae

205 1521 302 1607 frugis
325 1533 356 1578 et
374 1517 467 1615 ¹digna
489 1519 586 1602 ipsius
608 1521 793 1597 eruditione;
824 1541 901 1602 quae
923 1519 1002 1580 notis
1023 1517 1216 1578 insentituus·

295 1621 410 1698 Video,
434 1644 482 1682 me
504 1621 642 1703 plurimis
664 1623 849 1682 humanitate
876 1635 908 1682 et
927 1621 1061 1683 doctrina
1082 1617 1301 1702 praestantibus

103 1781 113 1801 ,
205 1730 299 1804 viris,
334 1724 438 1787 multis
461 1726 635 1808 magnisque
656 1727 829 1788 nominibus
860 1746 924 1786 esse
947 1725 1140 1786 obstrictum:
1179 1722 1301 1802 quibus,
1418 1789 1419 1802 χ

203 1845 235 1892 et
255 1829 418 1904 universis,
441 1843 471 1890 et
493 1827 630 1912 singulis,
652 1829 782 1912 gratias,
804 1851 878 1910 quas
898 1851 1043 1915 possum,
1065 1827 1163 1888 habeo
1184 1845 1301 1908 egoque

203 1935 358 1996 maximas.
403 1933 468 1995 Nec
496 1933 631 1992 futurum
661 1935 786 2015 opinor,
828 1947 863 1994 ut
891 1935 975 2015 ipsos
996 1931 1109 1994 horum
1135 1929 1303 1991 officiorum
1418 1913 1419 1936 ³

202 2041 372 2124 poeniteat,
409 2057 478 2098 cum
501 2035 608 2098 oblatis
636 2059 685 2099 rue
706 2039 795 2099 bouis
822 2058 883 2098 nou
904 2035 1067 2118 socorditer
1087 2022 1177 2096 usuui
1206 2033 1303 2096 luisse
1418 2031 1419 2034 ’

202 2141 422 2228 perspexerint.

289 2246 380 2308 Nunc
402 2243 535 2336 deipsis
558 2243 720 2306 codicibus
741 2241 845 2327 paullo
870 2245 1034 2305 accuratius
1057 2241 1220 2305 dicendum
1241 2253 1304 2302 est·
1418 2233 1419 2238 ἵ

125 2340 130 2349 ”
217 2352 221 2360 “
290 2347 423 2424 Ceteris,
461 2370 589 2428 quorum
619 2347 803 2410 collationes
831 2349 919 2410 nobis
949 2345 987 2408 ad
1014 2369 1138 2410 manum
1167 2347 1301 2425 fuerunt,

201 2453 291 2538 longe
314 2452 504 2534 multumque
532 2451 746 2534 praeferendus
776 2465 822 2514 est
841 2451 1045 2513 coislinianus
1072 2453 1105 2511 in
1127 2452 1300 2510 membrana

202 2561 331 2640 scriptus
361 2555 463 2618 seculo
491 2555 533 2616 X.
565 2555 664 2616 iudice
692 2557 800 2619 haruin
832 2548 933 2618 reium
962 2557 1145 2638 peritissimo
1172 2553 1299 2615 Monte·
1418 2617 1419 2622 η

64 2713 69 2720 -
201 2653 332 2722 falconio
367 2643 446 2720 Bibl.
468 2657 561 2722 Coisl.
583 2659 617 2723 P.
636 2661 684 2728 ll..
700 2659 805 2722 Codex
827 2657 1001 2722 CCCXLV.
1035 2661 1191 2722 continens
1212 2655 1298 2718 varia
1418 2625 1419 2666 ³

201 2765 327 2840 Lexica,
350 2777 385 2824 ut
404 2763 571 2846 Apollonii,
591 2763 720 2840 Timaei,
742 2763 888 2826 Moeridis
909 2763 1035 2846 aliaque,
1058 2786 1075 2824 e
1097 2764 1205 2844 quibus
1226 2783 1299 2842 sps-

203 2869 313 2928 cimina
337 2881 456 2929 exstant
475 2867 507 2926 in
530 2865 609 2927 Bibl.
633 2867 725 2929 Coisl.
746 2891 777 2952 p.
798 2869 876 2931 457.
905 2881 935 2930 et
957 2869 1173 2950 sequentibus.v
1207 2863 1298 2927 Cois·
1367 2849 1374 2868 *
1418 2937 1419 2946 ἢ

201 2973 348 3036 linianum
371 2971 491 3054 saepius
514 2971 683 3052 inspexisse
704 2971 875 3034 Sellicrium
905 2986 936 3033 et
963 2974 1061 3054 ipsius
1082 2987 1172 3034 notae
1194 2984 1299 3034 osteu-

202 3078 287 3153 dunt,
311 3087 341 3138 et
365 3073 499 3157 ipseCl.
520 3075 702 3136 Ruhnkenio
731 3097 833 3138 coram
859 3075 1029 3138 affirmavit.
1072 3079 1213 3156 Quocum
1242 3075 1301 3142 etsi

200 3183 234 3242 iu
256 3178 395 3262 plurimis
421 3177 512 3260 plane
542 3179 691 3240 consentit
709 3177 840 3242 Gollatio
868 3177 1115 3263 Schlregeriana‚
1149 3183 1300 3267 discrepat

202 3298 302 3346 tamen
331 3284 363 3343 in
393 3285 507 3365 paucis.
551 3283 659 3345 Postea
694 3285 856 3347 Stoeberus
887 3284 1031 3346 eumdem
1066 3283 1210 3348 codicem
1239 3309 1299 3348 ex-

144 3425 151 3438 „
201 3389 296 3452 ausit
317 3399 348 3448 et
367 3386 525 3470 pleresque
545 3385 710 3451 lectionum
736 3390 896 3452 varietates
917 3387 1063 3450 Moeridis
1092 3391 1143 3452 sui
1170 3393 1301 3476 margini

201 3492 314 3557 allevit.
362 3491 449 3568 Quae
470 3491 599 3557 collado
619 3493 676 3554 etsi
696 3496 730 3552 in
751 3491 906 3556 nonnullis
926 3515 944 3553 a
966 3491 1097 3556 Sallierii
1118 3507 1149 3555 et
1169 3495 1298 3556 Schlae-
1418 3565 1419 3592 1

201 3598 266 3682 geri
288 3592 507 3658 Gollafimibus
523 3596 641 3658 diversa
658 3597 806 3675 videatur,
828 3585 987 3680 praecipue
1003 3599 1056 3660 ubi
1070 3597 1186 3682 glossae
1201 3621 1298 3680 quae

202 3702 270 3762 darn
292 3699 418 3760 omissae
438 3698 492 3760 vel
511 3703 640 3762 insertae
657 3713 746 3780 sunt,
767 3701 801 3762 id
822 3715 1006 3765 tamennon
1027 3703 1170 3766 Virorum
1192 3705 1298 3766 erudi·

200 3819 301 3868 torum
323 3803 542 3888 negligentiae,
561 3803 615 3866 sed
635 3806 758 3866 inverso
779 3807 881 3888 potius
902 3809 1063 3870 verborum
1085 3807 1201 3885 ordini,
1232 3831 1295 3890 quo
1418 3829 1419 3834 ’

202 3909 330 4010 Codices
352 3909 524 3972 conferendi
545 3909 678 3972 laborem
694 3909 906 3972 difficillimum
927 3911 1096 3973 reddiderat
1116 3912 1296 3991 Hudsonus,

201 4013 396 4078 tribuendum
418 4013 633 4076 existimamus.
679 4015 717 4076 ln
745 4009 974 4078 Mouteialconii
995 4015 1183 4078 Bibliotheca
1203 4015 1298 4084 Goiel.

201 4117 298 4180 mults
320 4117 514 4178 vitiosissime
535 4139 675 4202 expressa
696 4133 776 4181 sunt.
809 4117 891 4182 lllud
911 4123 977 4182 iure
998 4121 1190 4199 affirmarim,
1214 4121 1298 4184 bunc
1418 4147 1419 4160 ¹

201 4220 347 4283 Codicem
367 4219 460 4305 longe
480 4241 545 4286 esee
566 4225 872 4307 praestantissimum,
902 4227 1009 4306 utqui
1031 4227 1144 4308 ubique
1165 4225 1229 4288 iere
1247 4227 1301 4308 ip·

204 4347 265 4386 sum
294 4325 439 4390 Moeridis
469 4349 592 4390 menum
622 4329 811 4410 exhibuerit,
854 4327 964 4392 multas
991 4349 1084 4392 voces
1112 4331 1239 4396 rariores
1269 4343 1305 4391 et
1418 4381 1419 4392 ,
