2844 4946
1049 319 1189 376 mut

243 445 402 535 Φθείρυσ
423 443 461 514 δὲ
481 447 587 538 ψυχῆς
607 435 672 520 ciis
692 457 837 542 γενναίαν
857 451 954 541 φύσιν

199 533 209 556 “
237 552 464 637 Γυναιαομίμῳ
484 545 660 643 διαπρεπὴς
680 551 875 644 μορφώματι,

92 653 137 718 vsi
156 651 353 740 διαπρέπων,
375 661 458 742 quod
478 661 619 745 pluribus
639 685 720 728 nunc
740 685 803 730 nou
824 667 897 731 licet
917 671 1099 736 eoofirluers.
1137 671 1189 736 ss

91 761 226 822 Thomas
249 759 363 845 quippe
386 785 521 828 mussent
541 769 754 832 revertendum
773 784 820 832 est
841 785 871 833 et
891 777 1107 838 atrocissimum
1125 777 1188 840 im·
1272 825 1280 843 .

88 867 205 948 pietstis
228 867 342 928 crimen
370 870 408 929 sb
437 869 492 932 illo
519 871 738 954 repellendum.
781 875 826 938 Ut
847 877 927 938 enim
949 877 1079 960 reliques
1101 881 1188 944 Tril-

88 967 144 1052 ici
161 970 409 1050 criminosiores,
438 973 750 1058 importunitas,
788 979 898 1060 quibus
919 1001 1010 1065 supr·
1033 983 1094 1046 iem
1116 987 1187 1048 estis

87 1095 267 1157 responsum
296 1088 359 1152 eet,
398 1077 551 1155 omittsm,
585 1079 682 1142 fecero
704 1103 766 1143 non
787 1103 930 1165 possum,
966 1087 1039 1168 quin
1068 1087 1186 1170 eddom,

87 1179 238 1242 Thomsm
259 1179 442 1261 impictatis,
476 1202 510 1244 so
530 1182 558 1245 si
579 1183 658 1247 melo
680 1187 780 1248 auimo
801 1207 895 1250 voces
917 1191 1008 1252 ueris
1029 1191 1187 1276 scriptori-

84 1284 138 1344 bus
159 1286 289 1344 usitetss
312 1283 485 1346 demumst
505 1299 537 1347 et
556 1307 711 1354 vsueuum
738 1305 838 1352 suum'
857 1293 889 1352 io
918 1313 970 1354 sos
991 1298 1185 1376 evomuisset,

82 1385 167 1450 uullo
185 1388 255 1448 iure
278 1386 424 1452 comari.
467 1387 639 1471 Aliquotiss
652 1377 726 1472 ,τὴν
746 1391 846 1456 θείαν
864 1382 988 1478 γραφὴν
1006 1397 1078 1459 citet
1095 1399 1186 1462 Tho-

81 1512 144 1552 mes
166 1503 202 1554 et
221 1487 407 1575 singularem
428 1513 539 1556 vocum
560 1513 651 1556 usum
671 1495 803 1574 iudicat,
837 1498 892 1560 sed
921 1501 1061 1582 nuspiam
1081 1523 1185 1586 repre·

78 1595 197 1657 hericiis.
240 1593 392 1658 Plurimos
412 1597 534 1677 quidem
553 1619 647 1662 voees
669 1613 700 1660 st
719 1597 867 1682 loquendi
887 1601 1051 1688 formulas,
1074 1607 1184 1686 quibus

78 1700 109 1761 S.
132 1675 310 1782 Scriptores
331 1701 381 1761 usi
402 1714 488 1778 suot,
519 1703 620 1764 miuus
641 1701 774 1782 Atticus,
805 1726 824 1766 s
845 1706 955 1786 quibus
975 1706 1075 1769 Attice
1095 1709 1180 1792 loqui

77 1817 108 1865 et
130 1805 269 1866 saibers
296 1805 488 1888 cupientibus
524 1805 693 1868 cavendum
720 1808 777 1884 sit,
814 1812 988 1888 euuotsvit3
1025 1811 1080 1872 sed
1106 1835 1181 1896 ques

75 1921 197 1990 prester
221 1908 256 1968 S.
279 1907 445 1991 Scriptores
470 1908 519 1970 alii
534 1910 624 1970 etiem
638 1911 716 1972 bsue
733 1909 822 1972 multi
841 1927 1033 1996 usurpemut
1057 1917 1109 1998 qui
1129 1933 1183 1982 sut

75 2013 185 2075 eodem
208 2011 274 2077 fere
288 2024 435 2096 tempore,
457 2026 510 2075 eut
527 2013 669 2096 deinceps
685 2014 798 2080 Grseoe
818 2016 973 2098 scripsere.
1015 2017 1077 2082 Gur
1088 2021 1182 2106 igitur

74 2116 226 2178 Trsslerus
251 2128 348 2178 tantus
363 2115 529 2202 tragoediis
552 2113 686 2180 excitet?
730 2117 792 2182 Cur
811 2119 965 2182 iunoceuti
979 2121 1181 2190 Grammatico

73 2221 284 2284 foedissimam
297 2220 446 2282 maculam
462 2217 578 2283 inurit?
602 2222 687 2284 Sscri
703 2223 869 2305 Scriptores
883 2223 1033 2306 supienter
1049 2230 1096 2290 usi
1110 2246 1181 2292 suut

74 2325 232 2388 vocubulis
250 2338 281 2386 et
295 2323 440 2406 loquendi
457 2325 594 2390 formulis
616 2339 712 2388 sststs
730 2347 788 2388 sua
802 2329 930 2410 receptis
949 2341 980 2390 st
997 2331 1066 2413 pise
1087 2331 1178 2394 chri-

71 2431 243 2492 stianorum
273 2427 359 2512 plebi
387 2431 529 2514 coguitis.
573 2430 637 2509 Qui
665 2431 693 2492 si
714 2428 884 2492 Atticorum
909 2445 1047 2496 veterum
1074 2433 1178 2521 lingue

71 2535 275 2617 scripsissent,
299 2535 535 2615 quotusquisque
557 2535 741 2600 Graecorum
761 2553 813 2596 eos
832 2533 1053 2600 intellexisset?
1095 2541 1175 2628 Nol-

69 2637 130 2700 lem
152 2639 274 2718 itaque,
295 2637 380 2699 viros
402 2638 546 2717 eruditos,
568 2640 621 2720 qui
639 2659 739 2702 moros
758 2639 800 2708 N.
815 2639 852 2702 1².
874 2637 966 2704 libros
989 2643 1176 2708 observatio-

68 2745 160 2805 nibus
199 2739 395 2826 philologius
421 2741 627 2823 illustram,
663 2744 754 2804 toties
787 2755 848 2804 tam
878 2745 986 2826 cupide
1014 2746 1178 2832 Magistros

66 2849 228 2910 Atticistes
252 2848 312 2907 sibi
332 2847 476 2910 sumsisse
497 2845 696 2926 refellendum
720 2859 750 2906 et
772 2845 872 2908 omnis
893 2847 977 2925 sdeo,
1000 2869 1075 2930 quse
1094 2853 1128 2912 in
1144 2851 1177 2913 S.

65 2949 179 3014 litteris
199 2963 371 3028 occurrant,
392 2973 449 3034 pro
463 2939 696 3020 :irremissae
716 2949 896 3016 venditasse.
938 2951 1032 3014 Recte
1054 2954 1176 3034 quidem

65 3055 112 3118 illi
130 3056 285 3136 Dionysii
299 3051 410 3133 Halic,
431 3054 562 3138 loseplri,
586 3053 739 3118 Plutuohi
761 3054 955 3136 aliorumque,
978 3057 1030 3136 qui
1049 3057 1082 3120 8.
1097 3059 1176 3119 scri-
1214 3084 1216 3090 ·

62 3163 210 3243 ptorilrus
230 3160 366 3242 proximi
386 3171 482 3222 estate
503 3160 644 3236 luerunt,
681 3177 850 3220 sermonem
879 3181 947 3220 cum
967 3160 1007 3222 N.
1030 3161 1065 3224 F.
1088 3181 1176 3223 com-

59 3279 197 3350 parante
243 3285 353 3327 verum
382 3261 452 3326 illos
481 3265 676 3348 scriptoribus
706 3262 817 3324 Atticis
851 3263 1091 3327 annumerandos
1113 3287 1174 3327 non
1238 3275 1246 3288 ‘

59 3393 129 3433 esse
165 3389 261 3452 suprs
291 3369 352 3430 ism
380 3369 525 3430 diximus.
576 3367 678 3428 Alium
709 3368 792 3428 viem
820 3387 917 3450 nuper
948 3367 1099 3450 ingressus
1129 3383 1176 3432 est

56 3473 284 3542 Wctsteuius:
305 3471 367 3553 qui,
390 3493 484 3552 quum
506 3471 563 3534 sibi
583 3471 789 3553 persuasisset,
810 3469 843 3531 S.
865 3471 1032 3553 Scriptores
1055 3466 1173 3533 litores-

54 3575 137 3656 καῖς,
163 3553 321 3652 lsarrlteie,¹
337 3589 368 3638 et
388 3577 524 3637 omnium
545 3575 676 3657 pessime
696 3573 870 3658 scripsisse,
903 3573 1173 3640 Grsmmsticorum

55 3682 241 3746 observetis
261 3680 433 3765 frequenter
454 3679 579 3740 mirifice
598 3680 708 3740 ebusus
731 3690 792 3755 est,
816 3675 909 3738 multa
930 3679 1074 3741 Moeridis
1094 3701 1172 3760 quo-

54 3809 115 3868 que
151 3786 228 3848 loce
256 3783 348 3868 plene
379 3773 631 3866 ἇπροσδιονύσως
651 3781 767 3860 sttulit3
807 3779 910 3861 quales
935 3783 1031 3865 ipsius
1060 3805 1172 3846 errores
1268 3825 1277 3836 -

52 3889 236 3954 nonnullos
267 3889 301 3948 iu
330 3889 411 3950 notis
447 3888 658 3972 castigsvimus
694 3883 741 3970 (v.
763 3907 797 3968 p.
819 3891 872 3948 33.
898 3887 1171 3950 rescissis.

52 3993 166 4078 4η),
191 3991 291 4076 louge
311 3991 415 4076 plures
436 4005 542 4054 ootsrs
561 3989 770 4074 negleximus3
800 3990 854 4052 ssd
882 4011 958 4071 quos
980 3990 1090 4052 nimios
1112 4011 1171 4076 po-

50 4099 110 4162 tius
134 4095 351 4174 inflationi,
386 4117 447 4177 qus
466 4096 523 4159 Vir
545 4095 752 4172 doctissimus,
781 4093 841 4176 istst¹
869 4106 935 4156 tum
956 4093 1095 4156 instantis
1115 4093 1196 4184 lati·

47 4221 236 4291 praesagus,
260 4204 428 4282 munium,
449 4219 539 4283 quam
561 4197 726 4264 multorum
746 4217 895 4260 surorum
914 4196 1018 4261 labore
1038 4195 1172 4284 college-²

778 4381 860 4464 ”ll
