2844 4946
1077 323 1175 376 nxxl

75 437 279 539 dpiaodaiop
303 447 387 512 dedit
407 441 596 542 t'affle'offi,
638 449 719 534 quod
748 473 823 517 vero
852 451 961 516 deinde
991 451 1123 518 desernit
1143 455 1176 516 in
1294 431 1300 453 .

75 552 192 636 Gorgia
211 577 246 635 p.
267 561 347 620 205.
368 555 416 638 (p.
441 560 515 620 506.
539 551 575 618 C'.
596 553 657 640 St.)
686 579 704 618 e
727 557 825 624 codd.
847 560 979 620 retinent
1000 547 1175 640 ἀχθεσθή-

73 675 187 734 nonae,
218 645 363 741 tanqrianr
390 661 423 722 in
453 661 564 722 nostris
594 661 763 724 Atticorum
793 662 877 724 libris
897 665 1016 748 eaepine
1038 666 1174 733 obvium.

71 751 274 850 ἃχθεσθήσῃ
294 763 437 846 Xenoph.
459 763 571 846 Cyrop.
592 765 678 829 vlu.
700 765 731 846 t,
759 773 812 834 10.
842 767 1080 833 Terosrnorn.
1124 763 1173 830 ct.

73 865 209 928 Fischer.
235 869 274 928 nd
299 866 431 936 Weller.
453 869 567 930 T.111.
589 869 622 930 P.
647 875 676 932 1.
698 893 731 954 p.
755 873 808 934 4³.
850 871 887 932 ln
916 872 963 934 hia
993 885 1023 933 et
1049 867 1173 955 reliquis

73 968 211 1032 Platonis
242 970 317 1034 loeis
347 993 365 1032 a
391 973 536 1035 Piereono
564 975 659 1035 citatio
682 977 850 1058 genuinum
876 963 1060 1058 ἃχθήσομαι
1089 999 1171 1038 nane

73 1075 199 1153 quidem
222 1097 242 1135 e
260 1075 347 1138 libris
366 1075 462 1140 MSS.
483 1091 636 1160 reoeptuna
657 1079 816 1160 videmus,
846 1102 902 1142 neo
925 1083 1046 1143 omnino
1067 1073 1170 1162 ἄχθε-

71 1168 244 1258 oti-rimor
263 1179 343 1263 apud
361 1194 497 1243 veterum
519 1203 699 1263 quemquam
721 1182 848 1268 legitur,
878 1185 950 1265 quin
973 1183 1099 1246 alterum
1120 1199 1171 1248 aut

71 1283 99 1342 in
124 1283 519 1369 codd.1everaappareaa
547 1299 600 1346 aut
624 1287 657 1346 in
678 1287 715 1349 iia
738 1287 836 1349 adhuc
864 1285 957 1348 latere
978 1289 1170 1350 etntnendurn

70 1389 115 1447 sit.
162 1388 236 1448 Hoc
257 1389 316 1451 sibi
335 1387 530 1472 persuadeat,
559 1389 610 1450 eui
631 1389 803 1451 conferendi
826 1391 922 1451 otium
943 1391 984 1452 eit
1005 1406 1093 1474 etque
1115 1415 1171 1455 oo-

69 1492 129 1571 pia.
178 1491 281 1575 Quare
302 1514 364 1554 non
387 1494 503 1572 dubito,
525 1495 598 1574 quin
620 1493 763 1556 Struviue
785 1494 840 1564 Gr.
861 1494 916 1562 Gr.
939 1495 982 1558 Τ.
1004 1496 1031 1560 l.
1052 1517 1082 1580 p.
1096 1502 1170 1560 220.

69 1596 201 1655 sormam
223 1585 474 1678 ἂχθεσθήσομαι
500 1599 612 1680 ubique
643 1597 820 1660 eiiciendam
849 1619 915 1660 ease
944 1613 1024 1662 reeta
1052 1601 1171 1662 iudiea-

69 1699 163 1762 verit.
207 1699 246 1760 In
264 1700 391 1762 Luciani
412 1700 537 1764 Hercul.
567 1725 592 1762 c.
617 1707 648 1764 3.
679 1703 841 1764 etiamnum
871 1699 966 1786 volgo
996 1695 1170 1785 ἀχθεσθη-

69 1801 216 1882 σομένοις
239 1825 434 1887 expressum
466 1803 520 1868 ted
540 1808 655 1866 bonum
675 1805 803 1884 factum,
833 1807 915 1888 quod
937 1806 1042 1868 Codex
1065 1805 1170 1870 6οτΙί-

69 1907 168 1968 censie
190 1899 425 1988 ἃχθησομένοις
444 1904 481 1995 (t.
503 1899 745 1994 ἇχθεσομένοις)
777 1912 921 1974 servavit.
962 1911 1045 1972 Fieri
1067 1925 1168 1975 nutem

68 2011 154 2073 facile
172 2013 295 2095 potnit,
314 2026 350 2074 nt
370 2013 561 2076 Grammatiei
583 2025 698 2076 veteres
719 2015 860 2077 vitiosam
880 2013 1071 2098 librariorum
1091 2017 1168 2079 eori-

69 2131 190 2197 ptnrarn
210 2129 353 2196 tanquam
374 2117 501 2180 formem
523 2119 625 2208 minna
647 2117 778 2179 Atticam
800 2115 1000 2186 venditarent.

153 2255 257 2316 lbid.
297 2247 484 2340 Ἀναβιοῦν.
508 2253 598 2318 Coisl.
616 2269 645 2316 et
660 2257 735 2339 Reg.
759 2276 866 2345 revera
886 2256 999 2316 habent
1020 2247 1166 2337 ἂναβιῶν,

64 2351 153 2423 ’Am
174 2359 262 2440 quod
283 2362 384 2440 itaque
406 2361 626 2442 reponendum.
647 2359 937 2424 cinnomannio
955 2359 1039 2420 Mus.
1060 2359 1168 2440 Antiq.

67 2463 153 2524 Stnd.
173 2464 202 2523 1.
227 2487 259 2546 p.
285 2469 360 2525 236.
395 2465 444 2524 De
463 2465 556 2525 verbo
577 2455 821 2546 ἇναβιώσασθαι
842 2463 942 2524 active
962 2476 1105 2546 usurpato
1126 2464 1165 2527 oi.

65 2569 229 2630 Heindorf.
260 2567 300 2628 ad
328 2567 450 2638 Platon.
477 2567 635 2631 Phaedon.
664 2589 696 2650 p.
723 2568 795 2628 146.
826 2580 855 2628 et
885 2568 936 2648 qui
966 2588 1036 2627 enm
1063 2569 1164 2650 ipsum
1280 2599 1285 2617 =

65 2671 163 2732 locum
185 2669 328 2733 Platonis
357 2673 492 2756 profert,
536 2673 688 2734 Thomnm
709 2671 755 2734 M.
775 2694 806 2755 p.
829 2675 881 2734 66.
926 2671 1161 2732 Tnnoennonrt.

62 2777 195 2838 Missum
228 2775 336 2836 faciam
359 2775 551 2837 Schlensneri
579 2789 784 2838 commentum
812 2775 845 2834 in
874 2773 1004 2842 Miscell.
1035 2772 1162 2846 Critt.n

62 2882 216 2942 Priedem.
241 2893 273 2940 et
296 2879 446 2943 Seebodio
468 2881 556 2942 editis
576 2878 647 2942 Vol.
663 2881 688 2940 I.
709 2879 745 2940 P.
769 2887 799 2941 3.
821 2903 856 2962 pe
874 2882 952 2942 536.
969 2871 1162 2960 ’Andaeiton
1201 2873 1208 2882 ’

62 2985 242 3068 reponentie
271 2997 445 3066 propterea,
475 2984 556 3065 quod
584 2983 696 3046 Moeris
725 2970 967 3065 ἅναβιῶσασθαι
996 2982 1029 3042 in
1057 2979 1161 3066 lingue

60 3091 220 3151 communi
245 3089 329 3148 idem
356 3087 477 3166 valere,
516 3087 597 3170 quod
627 3091 659 3149 in
687 3086 788 3147 Attica
822 3084 948 3148 dialecto
977 3075 1159 3166 ἀναβιῶναι,

56 3196 89 3258 h.
130 3217 159 3258 e.
201 3193 370 3272 miritae,
422 3191 581 3254 tradidisse
624 3191 776 3253 videatur.
851 3187 995 3250 Hudeoni
1036 3185 1158 3249 notulne

56 3299 170 3360 addan:
198 3294 301 3373 „Mihi
319 3313 393 3357 vero
412 3293 495 3358 locus
518 3315 607 3357 sanus
629 3308 659 3354 et
679 3295 795 3378 integer
813 3291 945 3355 videtur.
977 3289 1158 3375 Intelligitur

56 3403 142 3466 I‘Iato
166 3401 325 3476 Comicus,
346 3421 407 3460 non
424 3397 636 3481 Philosophus,
659 3398 743 3461 cuiue
764 3394 896 3458 fabulam
913 3389 1031 3456 Σκευαὶ
1047 3393 1155 3459 suidas

54 3507 169 3568 tendat.
218 3504 309 3568 Unde
330 3503 389 3582 leg.
419 3492 556 3563 Πλάτων
578 3501 730 3579 Σκευαῖς,
752 3493 924 3583 ἀναβιῶναι
950 3517 978 3563 tt.
1000 3491 1028 3558 λ.
1057 3522 1155 3582 neque

56 3614 130 3689 erit,
162 3607 343 3690 quodcum
370 3608 506 3668 Fabricio
536 3605 689 3687 (Biblioth.
713 3603 766 3668 Gr.
787 3605 829 3669 11.
852 3609 908 3666 22.
929 3625 960 3686 p.
983 3601 1075 3690 746.)
1102 3626 1153 3665 re-

54 3715 237 3796 ponendum
254 3712 333 3798 apud
349 3712 473 3775 Suidam
488 3697 618 3771 Σκύθαι
632 3729 687 3795 pro
696 3703 814 3770 Σκευαὶ
828 3709 987 3771 ceneten.“‘
1001 3695 1153 3780 Finem.

54 3865 264 3882 ι*-

82 3972 114 4038 t)
151 3967 281 4035 corriget
306 3963 434 4035 ἅχθέσεις
460 3982 575 4036 nemque
599 3961 756 4016 sententiam
782 3977 857 4013 enenr
882 3958 917 4014 de
941 3959 991 4012 Irae
1017 3959 1150 4016 secundae

117 4070 258 4127 personae
274 4051 360 4104 {orme
379 4049 416 4104 ad
432 4051 570 4104 Theaetet.
588 4048 684 4122 pdrfi.
705 4043 867 4120 pro'poeitanr
885 4048 1050 4099 reetraetevit
1062 4047 1149 4098 Hein-

119 4137 228 4194 dorfine
254 4137 290 4190 ad
306 4131 507 4208 Protng.'init.,
543 4137 587 4189 e'ui
612 4135 749 4188 Bekkeroe
774 4132 872 4204 aliique
892 4143 1066 4186 aeoeeeerunt.
1103 4129 1147 4185 cf.

118 4227 207 4280 rim.
226 4234 255 4278 et
272 4223 409 4278 Sellierina
424 4223 495 4276 infra
509 4241 538 4296 p·
555 4224 599 4295 98.
616 4219 644 4276 b.
666 4219 728 4276 Non
743 4221 823 4290 igitar
839 4217 987 4274 andiendus
1006 4226 1047 4271 eet
1062 4213 1147 4268 Low

118 4313 188 4379 nine,
206 4311 243 4366 V.
263 4309 316 4381 GL,
335 4308 370 4364 ad
387 4311 496 4366 Menon.
513 4331 542 4384 p.
563 4309 606 4364 tio.
623 4307 666 4363 61.
