2844 4946
1132 297 1204 350 xta

107 444 221 508 mutue
243 435 335 507 fierit
355 445 472 507 tritum.
516 443 655 508 Tandem
676 457 747 506 ante
775 465 868 508 annor
890 465 951 508 aon
972 445 1016 506 ite
1037 443 1149 510 multoe
1169 449 1203 510 in
1333 455 1335 460 '

106 549 190 610 diem
210 521 374 632 lucenique
393 547 546 633 publicam
560 547 728 612 vindicavit
741 549 927 632 scriptorem,
944 547 1062 612 meliori
1076 549 1203 635 dignum

105 667 197 730 sorte,
216 655 311 715 loon.
331 651 512 732 Mena,
534 651 878 716 Protobibliothecariua·
891 653 1042 736 quondam
1061 655 1203 716 Bodleia-
1250 708 1260 723 .

106 779 188 836 nne,
235 743 322 822 euius
343 755 456 842 gloria,
500 779 588 840 quam
609 757 794 820 humanitate
822 758 987 842 peritiaque
1009 758 1122 824 Graeca
1143 760 1203 822 eibi

104 862 242 944 peperit,
262 874 328 924 tum
347 861 516 938 intercidet,
538 883 631 942 quum
652 863 791 946 ingenuis
813 863 926 924 artibue
947 859 1051 926 nullut
1073 862 1203 947 ampliat

107 963 356 1028 intermortalcs
377 964 476 1028 honos
498 967 656 1028 tribuetur.
699 965 804 1027 Prodit
831 963 951 1028 libellus
979 979 1059 1029 tecto
1081 967 1205 1030 editoris

104 1069 233 1130 nornine
256 1066 403 1131 Oxoniae
414 1092 432 1130 e
454 1069 587 1137 Theatra
606 1067 827 1132 Soheldoniano
851 1075 946 1132 1712.
968 1070 1082 1150 forma,
1113 1091 1204 1154 quam

104 1185 233 1250 vocant,
253 1186 360 1236 octava
381 1171 499 1236 maiori.
542 1173 614 1238 vid.
636 1173 723 1234 Acta
742 1173 843 1235 Erae.
869 1175 956 1236 Tum.
971 1174 1024 1236 VI.
1044 1175 1203 1260 Supplem.

102 1299 136 1360 p.
162 1277 217 1341 19.
262 1277 389 1362 Verum,
410 1291 445 1338 nt
462 1276 591 1353 libri,
581 1297 615 1336 m
635 1275 745 1359 Anglia
773 1279 827 1357 qui
856 1278 1100 1354 excuduntur,'
1090 1299 1123 1339 tn
1153 1279 1201 1342 hia

102 1381 193 1442 terrie
215 1401 289 1442 avee
310 1403 377 1444 aeae
396 1393 619 1443 consueverunt
645 1378 735 1463 longe
761 1382 948 1461 rarissimam
989 1396 1037 1460 et,
1068 1383 1095 1442 si
1125 1382 1202 1443 lorte

102 1483 228 1544 fortuna
248 1483 310 1546 huc
331 1486 470 1570 migrant,
491 1483 588 1546 multo
609 1483 802 1545 redimendae
821 1498 962 1568 argento:
998 1486 1041 1544 ita
1071 1486 1202 1566 optimus

103 1589 279 1668 ceteroquin
301 1589 475 1649 Hadranua
503 1588 586 1649 hisce
613 1587 740 1672 dapibus
771 1608 832 1648 nou
860 1589 918 1649 nisi
948 1609 1019 1651 enos
1042 1585 1201 1672 popularet

102 1690 252 1775 explevit
284 1691 353 1752 Hac
372 1693 410 1752 de
429 1713 463 1753 re
483 1691 606 1770 factum,
628 1705 663 1755 ut
682 1693 803 1754 Moerin
823 1693 878 1752 via
898 1693 1021 1752 nomine
1043 1695 1123 1752 autre
1144 1713 1203 1753 no-

101 1807 156 1854 tue
167 1794 279 1875 suerit
299 1799 340 1856 iia
362 1799 469 1878 etiam,
491 1797 547 1878 qui
570 1800 695 1858 Graeco
715 1815 779 1858 non
801 1807 1020 1876 contemnunt3
1057 1797 1204 1878 quemad-

101 1899 235 1960 modum
257 1897 304 1960 cl.
328 1897 418 1958 loun.
442 1899 562 1962 Mutela.
587 1879 751 1970 Geerierue,
770 1919 925 1980 nunquam
947 1899 1040 1972 mihi,
1062 1901 1122 1961 nisi
1143 1902 1201 1962 ho-

103 2003 187 2064 noria
209 2024 325 2081 mussa,
348 2003 567 2080 nominandae,
604 2001 711 2062 litteris
733 2001 771 2061 ad
794 2024 842 2063 me
872 2003 950 2066 datis
971 2005 1128 2066 verissime
1149 2007 1201 2068 iu-

103 2107 228 2168 dicavit.
275 2105 363 2186 Quae
384 2105 570 2168 eruditorum
590 2117 625 2166 ut
645 2103 826 2168 levaretur
816 2107 928 2188 rnopia,
952 2105 1057 2168 linaria
1080 2107 1201 2172 Graecia

104 2209 346 2272 eruditissimi·
314 2209 391 2286 vrri,
422 2209 579 2292 Ludolph.
602 2208 778 2277 Kueterue,
801 2207 904 2268 Garol.
926 2211 1030 2276 Andr.
1052 2211 1201 2273 Datame
1251 2196 1256 2208 ¹

105 2328 135 2375 et
154 2315 336 2392 Samariae,
357 2314 478 2374 natione
498 2311 615 2392 Gallus,
637 2311 675 2370 ad
697 2309 885 2384 Moeridem,
907 2313 995 2374 novis
1018 2313 1201 2396 perpolitum

107 2419 197 2495 curis,
217 2438 323 2480 rursus
344 2415 586 2502 pervulgandum
609 2415 742 2475 animum
764 2411 953 2498 appulerunt.
998 2415 1065 2494 Aet,
1088 2417 1126 2477 ad
1147 2439 1201 2479 co-
1234 2391 1242 2410 ⁶

104 2537 209 2584 natum
231 2522 334 2598 hunc,
362 2519 603 2584 laudatissimum
624 2517 711 2595 licet,
748 2516 981 2601 haudquaquam
1002 2533 1102 2582 tamen
1126 2521 1200 2585 felix

102 2627 282 2706 laneumque
304 2639 432 2688 aventus
447 2615 619 2708 respondit.
664 2621 750 2684 Alios
780 2623 880 2700 enim,
926 2625 1087 2706 quominus
1114 2629 1201 2690 vdcie
1246 2701 1251 2708 Ι

104 2729 286 2791 exhiberent
306 2729 416 2806 fidem,
447 2749 528 2790 more
549 2725 723 2810 prohibuitt
755 2723 807 2785 alii
828 2724 899 2788 aliae
921 2730 959 2788 ob
981 2751 1101 2792 caussae
1124 2752 1199 2792 con-

104 2834 205 2894 silinm
227 2846 336 2916 poetae
356 2833 536 2922 damnarunt
554 2851 653 2892 auum.
702 2827 769 2891 Vid.
801 2828 848 2890 Cl.
868 2829 1038 2894 Faortctue
1067 2831 1090 2898 l.
1113 2857 1138 2896 o.
1170 2849 1201 2896 et

105 2937 234 3000 Novati.
260 2939 414 3000 Litterae.
436 2935 660 3019 Lr'peieneqan.
685 2938 778 2997 17¹2.
799 2955 830 3016 p.
856 2939 928 2998 179.

192 3139 330 3225 Spartam
352 3143 446 3227 igitur
466 3140 553 3219 hano,
571 3139 727 3220 hucusque
749 3137 929 3214 derelictam,
945 3139 1110 3202 Fautorum
1124 3143 1201 3203 amia

104 3263 274 3326 corumque
297 3247 443 3307 excitatur
466 3245 589 3316 monitis
610 3243 686 3304 mihi
708 3245 732 3304 si
756 3263 841 3304 sumo
861 3263 916 3326 pro
937 3243 1022 3304 virili
1043 3259 1125 3327 parte
1148 3269 1199 3308 or-

13 3345 15 3372 *
104 3350 258 3412 nandum:
279 3371 340 3410 non
362 3350 489 3410 arbitror
512 3349 669 3430 quicquam
692 3347 892 3424 committere,
915 3347 997 3428 quod
1018 3347 1071 3409 vel
1092 3351 1128 3410 ab
1150 3372 1200 3412 ar-

103 3455 183 3514 tium
212 3455 306 3530 flore,
335 3455 372 3515 ab
396 3453 535 3514 omnibus
563 3451 729 3512 litterarum
759 3450 901 3512 studiosis
930 3435 1028 3512 indies
1055 3453 1200 3538 augenda,

104 3573 158 3619 aut
191 3579 209 3619 a
240 3561 315 3620 meir
352 3558 459 3620 atudiia
489 3553 637 3632 alienum,
682 3575 758 3636 quae
790 3553 911 3617 Graecia
949 3555 1200 3638 orientalibueque
1226 3637 1229 3642 Ι

104 3665 206 3725 Musis
230 3661 405 3724 excolendis
428 3661 523 3721 dicata
542 3659 704 3743 praecipue
725 3671 796 3719 aunt
818 3671 907 3738 atque
928 3674 1106 3720 consecrata.
1136 3663 1201 3724 Nec
1233 3667 1235 3672 ’

106 3767 171 3829 lore
194 3787 377 3848 quemquam
401 3785 523 3841 eorum,
543 3763 595 3846 qui
616 3783 684 3824 auae
706 3767 791 3824 cuiae
814 3783 917 3824 omnes
938 3765 970 3822 in
992 3761 1087 3825 ealute
1109 3765 1200 3828 huiua

105 3866 200 3932 studii
223 3870 378 3953 defigunt,
416 3869 464 3928 cui
485 3867 545 3929 hoc
566 3888 667 3928 meum
698 3865 857 3928 consilium
887 3865 1058 3949 displiceat,
1095 3867 1200 3930 fidenti

105 3977 208 4036 animo
230 3963 307 4034 mihi
327 3973 492 4056 premittur
513 3993 569 4054 ego
590 3961 681 4033 modo
704 3971 785 4032 orbis
806 3967 943 4065 litterati,
978 3993 1068 4051 quam
1090 3971 1128 4034 de
1151 3995 1199 4035 me

106 4077 268 4162 concipiet,
291 4097 374 4160 apem
397 4077 440 4136 ita
462 4074 635 4158 explevero,
657 4087 691 4134 ut
713 4075 770 4136 hoc
792 4097 926 4151 munere,
948 4096 1007 4154 qua
1027 4077 1092 4137 fieri
1114 4075 1201 4138 decet
1287 4105 1294 4116 =

108 4171 309 4256 accuratione,
329 4181 452 4242 iunctus
473 4179 588 4242 videar.
632 4177 722 4257 Quod
742 4191 777 4239 ut
798 4180 849 4240 fiat
867 4190 955 4260 atque
977 4199 1033 4264 ego
1056 4199 1124 4240 cnm
1146 4177 1201 4240 lit-

110 4301 239 4350 terarum
262 4283 466 4348 emolumento
487 4284 519 4346 in
541 4283 600 4346 hoo
619 4282 720 4346 labore
740 4303 860 4358 verear,
886 4283 1003 4348 iuvabit
1021 4281 1204 4347 eruditorum
