2844 4946
1018 295 1179 351 uxxxttt

92 405 231 470 Piersonu
247 409 361 487 vuum,
384 431 491 472 menes
512 413 641 496 purtim,
663 415 771 500 partim
793 415 957 503 depravate
980 445 1016 488 es
1037 427 1180 492 exhibere

36 595 37 604 ρ
91 513 185 592 quivis
204 513 301 576 videt.
346 515 511 582 Duusnviri
533 530 633 583 snteus
654 514 701 582 illi
721 541 830 584 verum
859 545 898 586 ex
918 525 1019 608 ulique
1039 547 1126 614 parte
1146 546 1181 596 ut

88 617 211 678 assecuti
241 619 321 696 sint,
362 619 454 682 vslde
484 641 602 686 vereor.
639 624 851 712 'Dicebentuu
874 623 1042 712 βαλβῖδος,
1086 649 1121 698 ut
1145 637 1180 700 iu

85 740 175 801 pauca
198 722 370 801 censerem,
402 725 542 788 curriculi
563 747 694 790 carceres
714 730 781 792 sive
801 731 943 812 cancelli,
965 757 1041 816 quos
1061 752 1203 816 vetenes.

85 825 119 884 iu
139 825 336 910 descripsisse
358 827 535 906 traduntur,
565 843 599 891 ut
623 829 688 892 lore
706 832 834 904 ‘duobus
862 835 1018 922 alligarent
1038 841 1178 923 lusu'bus,

86 930 190 1007 quibus
213 949 349 992 cursores
371 947 544 994 arcerentur
565 935 598 994 in
619 935 734 1010 studio,
763 942 924 1022 ueprius,
946 941 1037 1024 quesn
1058 947 1180 1030 signum

85 1031 182 1094 datum
206 1047 298 1112 esset,
320 1050 481 1112 currerent.
525 1037 749 1102 Accusaticrssn
777 1043 867 1106 huius
897 1047 943 1108 rai
963 1049 1100 1112 notitiem
1123 1051 1180 1112 de-

85 1135 184 1199 bemus
209 1139 343 1200 Zonaras
365 1141 406 1204 T.
428 1142 454 1205 l.
474 1162 502 1204 c.
526 1148 600 1208 373.
633 1127 811 1226 Βαίβίδος,
828 1135 868 1208 τό
890 1137 1033 1231 κόγνιία,
1054 1149 1076 1234 ἡ
1098 1146 1179 1232 cipe·
1216 1165 1221 1172 '

84 1241 170 1322 τηρία
191 1235 291 1303 sccii
319 1231 472 1320 scpsscc'c.
502 1235 602 1327 ἤγουν
628 1237 650 1326 ἡ
679 1237 792 1323 ἄφεσις
820 1247 884 1318 τῶν
910 1245 1058 1334 δρομέων.
1088 1255 1179 1320 ἔστι

83 1334 121 1402 δὲ
149 1329 233 1404 daie
262 1332 375 1424 ξόία,
397 1337 457 1426 ἀφ’
487 1331 538 1410 ὧν
566 1349 735 1430 σγοινία
765 1346 1039 1420 διαποίνεται.
1061 1351 1113 1438 ἀφ’
1136 1343 1180 1422 sis

82 1441 243 1530 βαλβίδων
263 1445 423 1534 ἐξέτρεχον
444 1450 476 1512 ol
495 1439 723 1534 ἀγωνιζόμενοι.
753 1454 853 1518 Aliter
873 1457 1058 1522 scholiastes
1078 1461 1179 1548 Apol·
1221 1463 1224 1470 ’

81 1551 148 1614 lonii
171 1553 278 1616 Rhod.
299 1555 333 1616 in
353 1553 407 1616 lib.
428 1555 482 1618 111.
504 1577 539 1626 v.
563 1563 658 1620 1272.
709 1551 827 1642 βαλβίς
860 1553 895 1622 δὲ
917 1552 1041 1646 γραμμή
1064 1585 1130 1642 τις,
1157 1547 1182 1652 ᾖ

82 1654 337 1741 ἓπιβαίνουσννοί
345 1649 481 1738 δρομεῖς.
493 1659 543 1727 ct.
551 1657 655 1724 Schol.
664 1661 810 1745 Eurip.in
819 1665 901 1726 Med.
911 1685 944 1730 v.
959 1665 1179 1754 1212.βαίβίς
1309 1705 1315 1718 =

81 1765 190 1844 πρίως
219 1755 241 1843 ἡ
272 1758 336 1822 seist
357 1757 495 1848 δρομέων
513 1754 636 1841 ἔφεσις.
679 1765 838 1847 Sophoclis
867 1770 900 1830 in
921 1769 1026 1858 Antig.
1049 1795 1083 1838 v.
1102 1781 1174 1838 130.

82 1873 199 1948 psus.
232 1867 282 1929 ed.
311 1867 444 1932 Bruncls.
474 1861 590 1952 βαίβίς
617 1861 653 1928 δὲ
679 1866 732 1930 ναὶ
760 1863 932 1956 ἇφετηρία,
962 1867 984 1955 ἡ
1013 1863 1092 1960 cippi]
1116 1877 1176 1942 τοῦ

82 1963 208 2052 δρόμου.
232 1969 353 2032 Deinde
383 1971 421 2032 sd
455 1971 529 2035 elias
557 1993 605 2034 tes
633 1973 815 2036 vocabulum
836 1969 951 2060 βαλβίς
970 1983 1175 2064 metaphorice

81 2075 258 2138 usnslntnsn
274 2075 428 2140 videmus.
438 2075 478 2140 V.
487 2077 642 2160 Musgrcv.
658 2077 695 2137 sd
706 2075 848 2160 Sophocl.
861 2078 1003 2164 Antig.v.
1016 2087 1092 2146 tet.
1111 2085 1176 2150 ltus
1217 2127 1220 2136 .

80 2199 146 2242 sero
170 2179 252 2241 slter
273 2177 411 2262 Oedipus
433 2179 472 2241 sit
493 2183 546 2262 qui
568 2179 644 2240 mihi
665 2183 791 2241 extricet
810 2180 863 2242 ills
892 2175 1027 2269 calfit&
1057 2175 1177 2260 ἀπόδος

81 2297 106 2344 et
122 2273 217 2368 θῆτε
236 2273 323 2344 πόδα
343 2271 423 2366 scupis
443 2276 528 2344 πόδα
561 2284 714 2366 quomodo
742 2304 812 2347 cum
842 2285 1086 2350 antecedentibus
1107 2303 1176 2373 apte

79 2400 245 2473 congruunt
252 2386 446 2454 demonstret.
460 2389 610 2470 Equidem
626 2387 739 2450 dixisse
752 2387 928 2473 Lycurgum
945 2403 1061 2454 constet
1075 2384 1176 2474 ἇγῶνα
1238 2419 1241 2432 ·

77 2482 266 2558 ἇποδιδόναι
283 2517 312 2558 c.
321 2494 426 2556 Leocr.
434 2517 465 2577 p.
474 2497 548 2556 240.
571 2491 676 2560 Reisls.
696 2492 749 2553 ubi
770 2493 945 2576 perficiendi
964 2496 1047 2560 notio
1069 2497 1175 2560 invol-

77 2603 165 2680 vitur,
189 2621 251 2661 nec
270 2597 343 2660 alius
366 2597 502 2682 similiter
523 2596 640 2678 lecutcs
660 2617 726 2658 esse
748 2599 940 2682 negaverim:
960 2613 990 2660 ut
1006 2579 1084 2682 ‘quid
1101 2603 1174 2666 inde

75 2698 255 2767 lucremur?
299 2702 401 2764 Sensit
421 2700 643 2779 difficultatem,
666 2723 764 2782 neque
791 2715 890 2764 tausen
922 2703 1052 2783 sustulit,
1083 2707 1172 2792 inge-

75 2811 156 2870 nium
178 2807 263 2870 illud
283 2805 322 2868 ud
345 2805 566 2868 emendandum
586 2805 840 2888 promtissimum,
862 2807 1002 2890 Toupius
1023 2810 1172 2872 Emendd.

74 2913 104 2973 iu
124 2911 223 2976 said.
246 2911 288 2972 Τ.
309 2911 364 2974 lv.
386 2934 419 2994 p.
441 2909 515 2974 408.
538 2909 589 2972 ed.
612 2909 713 2972 Oxou.
751 2911 781 2972 ls
808 2910 901 2994 igitur
930 2904 1062 2992 βαλβίδι
1088 2900 1174 2974 πόδα

75 3015 192 3088 θέντες
216 3013 284 3100 (vel
306 3011 402 3100 θέτο)
427 2999 511 3098 παρό
541 3005 626 3074 πόδα
654 3013 763 3076 ludens
785 3015 823 3076 de
844 3035 919 3076 vera
939 3015 1025 3078 vocis
1057 3008 1173 3098 βολβός

73 3132 225 3202 potestate
249 3141 287 3179 ne
309 3119 472 3182 somniavit
501 3119 632 3200 quidem.
674 3120 744 3204 lpse
773 3119 943 3202 depravatis
959 3139 1032 3199 *que
1057 3119 1172 3184 ratione

73 3226 209 3306 medear,
229 3223 264 3284 in
284 3223 434 3308 praesenti
454 3244 517 3284 nou
538 3223 645 3284 habeo.

157 3345 187 3408 P
194 3365 250 3430 ug·
273 3349 326 3406 97.
362 3329 562 3424 Βωμοίόγος.
585 3343 710 3426 Optime
731 3341 881 3426 explicuit
902 3339 939 3404 G.
958 3343 996 3410 F.
1017 3341 1171 3406 Herman-

72 3471 129 3513 nns
160 3447 203 3510 sd
229 3447 356 3510 Lucian.
385 3447 424 3508 de
453 3468 567 3510 conscr.
596 3448 667 3510 hist.
700 3469 732 3530 p.
757 3453 829 3510 122.
880 3445 1028 3534 Ultinssm
1062 3467 1172 3510 vocem
1232 3442 1236 3448 ’

72 3551 210 3633 ἐπαίτης
235 3565 347 3614 temere
375 3531 545 3634 suspectum
573 3551 664 3614 hebet
683 3553 824 3636 Toupius
844 3551 993 3612 Emeudd·
1018 3553 1052 3614 in
1083 3551 1169 3618 Suid.

73 3659 109 3720 Τ.
134 3658 195 3721 Ν.
226 3678 256 3739 p.
276 3654 351 3719 108.
390 3656 441 3722 ed.
468 3654 571 3718 Oxou.
599 3642 745 3716 ἅπατεόιν
782 3659 848 3718 eius
876 3653 944 3716 leco
974 3657 1169 3720 substituens.

73 3762 200 3825 Scilicet
221 3759 410 3843 Hesyschins
432 3779 457 3821 s.
480 3779 513 3822 v.
536 3761 579 3820 itu
596 3745 763 3842 explicuit,
794 3759 844 3822 cui
864 3759 980 3821 secedit
1008 3783 1089 3822 nunc
1107 3763 1170 3823 Zu-

73 3887 160 3928 nam
184 3865 266 3932 Τ.Ι.
288 3889 318 3930 ο.
341 3867 419 3927 413.
449 3851 621 3947 βωμολόχα
627 3907 638 3937 ,
664 3855 861 3938 demessae,
891 3859 1071 3947 πανοῦργοι.
1108 3864 1171 3926 Sed
1214 3881 1217 3887 ·

74 3967 209 4052 ἐπαίτης
235 3977 332 4053 seque
353 3971 478 4032 bonum.
515 3969 565 4030 De
592 3967 781 4033 Pherecratis
812 3967 951 4030 versibus
980 3989 998 4028 a
1026 3967 1169 4050 Piersonu

74 4073 173 4137 allatis
193 4095 225 4140 v.
247 4076 402 4140 Percussus
430 4074 469 4136 ad
489 4074 595 4158 Eurip.
617 4071 773 4136 Phoeniss.
795 4089 828 4135 v.
850 4065 948 4138 1122.ι
970 4093 1001 4155 p.
1025 4075 1101 4141 102.
1120 4069 1169 4131 ed.

73 4178 159 4262 ΙΨ
181 4193 251 4250 Μ’
835 4239 970 4302 sesses
