2844 4946
1141 323 1191 371 u

100 469 245 536 magnum
261 449 351 514 illum
372 447 593 536 Kueterurull,
609 475 698 518 usuro
717 456 854 535 viderur,
883 457 937 540 qui
958 455 1118 542 cogites-et,
1135 475 1187 518 re·

99 570 203 638 pertus
225 577 299 618 esse.
341 553 462 621 Primira
484 571 584 620 autem
612 563 682 622 eim
710 561 826 624 octonis
854 561 950 624 edidit
971 561 1086 626 Oxouii
1108 579 1187 622 auno

96 661 188 722 huius
210 660 323 723 saeculi
351 661 531 726 duodecimo
559 663 625 728 loh.
654 659 907 750 Hudsonus**):
936 665 988 748 qui
1016 685 1106 747 quam
1135 685 1186 725 ra·

97 765 213 826 tionem
235 767 268 826 in
289 787 325 826 eo
348 765 466 829 edendo
495 779 525 828 ct
546 769 731 832 emendando
760 783 904 854 sequutus
933 771 989 844 eit,
1017 769 1128 851 poterit
1147 787 1186 828 ex
1256 800 1258 808 ι

95 869 163 929 eius
199 867 404 946 Praefatione,
446 893 537 953 quam
570 873 765 935 adiiciendam
803 877 992 950 curavimus,
1038 871 1186 956 cognosci.
1269 901 1272 910 ·

93 973 214 1034 Tribus
234 973 298 1035 scre
319 977 406 1037 annis
426 990 497 1058 poet
517 979 675 1038 maximam
695 978 778 1041 illius
799 991 912 1060 partem
935 999 952 1039 e
972 975 1083 1038 Codice
1097 975 1186 1036 Cois-

94 1075 214 1140 liniano
257 1079 384 1142 inseruit
425 1077 568 1166 Gatalogo
612 1083 704 1148 huius
747 1081 945 1144 bibliothecae
984 1077 1186 1143 Montsialco-

94 1176 277 1264 niusffl):
308 1197 396 1264 etque
425 1197 495 1246 ante
517 1208 611 1249 annos
639 1209 701 1250 non
722 1185 835 1248 multos
854 1207 966 1248 novam
995 1207 1027 1248 se
1048 1181 1186 1267 opusculi

94 1285 262 1348 editionem
283 1287 429 1348 adornare
449 1290 601 1374 proleesue
624 1305 669 1352 est
689 1291 754 1355 lob.
777 1283 1068 1369 tirrannum),
1090 1285 1186 1348 Gour-

96 1391 242 1452 mentario
265 1390 385 1452 Claudii
407 1388 553 1474 Sallierii,
583 1395 650 1456 Viri
668 1393 842 1472 clarissimi,
864 1395 1050 1456 instructam.
1095 1387 1187 1468 Quod

93 1495 165 1554 Viri
185 1493 271 1556 docti
298 1495 458 1558 consilium
490 1497 563 1578 din,
595 1497 708 1580 fateor,
744 1499 893 1560 incertum
920 1517 968 1557 me
1002 1495 1186 1574 dubiumque

92 1597 287 1678 reddiderat,
305 1679 308 1685 ι
326 1601 400 1682 qnid
427 1599 574 1666 iacerem:
613 1603 845 1692 absolveremus
875 1621 956 1663 meas
991 1601 1024 1660 iu
1051 1594 1187 1660 Moeridr

92 1703 402 1785 Animadversiones,
432 1707 617 1768 conscribere
639 1709 720 1768 eninr
742 1729 790 1770 eas
812 1719 880 1768 ante
902 1724 1075 1787 coeperam,
1097 1719 1186 1782 quam

92 1807 133 1867 de
152 1827 236 1870 nova
256 1806 310 1869 illa
331 1799 464 1870 edition‘e
486 1811 648 1892 quidquam
670 1811 870 1889 audivissem3
901 1831 939 1870 an
960 1806 1113 1868 inchoatas
1134 1824 1186 1866 re·

92 1909 291 1993 linqueretur
304 1913 337 1974 in
357 1914 482 1995 primis,
504 1935 598 1995 quum
620 1937 670 1977 me
690 1916 866 1977 destitutum
887 1911 972 1975 libris
993 1909 1113 1992 seriptis
1132 1907 1185 1970 vi-

93 2017 218 2095 derem,
238 2017 349 2096 quibus
369 2037 402 2078 se
424 2037 550 2080 usumin
571 2017 624 2080 ille
645 2019 835 2086 ostendisset.
878 2017 941 2078 Sed
971 2015 1041 2096 quia
1072 2009 1186 2074 librarii

93 2122 190 2182 nostri
217 2119 315 2182 libelli
344 2121 525 2204 exemplaria
553 2125 744 2208 flagitabant,
787 2119 934 2201 facileque
965 2117 1184 2202 intellegebam,

95 2239 230 2286 nostrm
265 2224 425 2286 consilium
460 2226 493 2286 in
539 2248 576 2292 eo
613 2228 730 2292 edendo
766 2227 920 2290 diversum
960 2222 1043 2298 iore,
1086 2237 1185 2298 neque

95 2331 220 2389 omnino
241 2304 323 2388 nihil
342 2331 407 2391 sine
428 2327 513 2392 libris
543 2332 661 2415 scriptis
691 2332 768 2393 effici
797 2347 907 2412 possea
944 2323 1086 2387 constitui
1115 2335 1185 2380 tau-

93 2432 182 2512 dem,
211 2432 246 2494 id
269 2433 350 2514 quod
371 2455 433 2495 non
455 2455 541 2519 aegre
562 2435 694 2498 laturum
723 2455 787 2496 esse
808 2434 918 2495 Virum
939 2430 1080 2508 doctum,
1107 2445 1185 2508 quae

92 2539 155 2600 eius
176 2537 350 2600 humanitas
372 2551 428 2618 cst,
450 2559 568 2621 sperare
590 2539 671 2620 licet,
694 2539 880 2616 Atticietam,
903 2556 973 2596 cura
997 2543 1061 2594 mea
1083 2527 1184 2614 quali-

92 2665 213 2724 cunque
235 2640 437 2722 illustratum,
474 2644 578 2704 iubere
610 2643 754 2728 proditer
797 2641 836 2706 de
866 2661 926 2723 quo
959 2635 1086 2702 coneilio
1116 2654 1184 2696 mco

90 2759 201 2824 restat,
221 2759 257 2807 ut
277 2767 373 2829 pauca
395 2745 541 2810 dicantur.
583 2823 587 2830 ἢ

175 2849 297 2912 Placuit
324 2864 424 2910 autem
455 2851 594 2914 insistere
618 2849 756 2934 vestigiis
792 2850 852 2926 iis,
897 2847 1007 2928 quibus
1039 2841 1184 2905 imfififfl

92 2955 211 3018 Pavum
248 2953 544 3036 Valqneuariumque
579 2955 611 3014 in
660 2951 842 3016 recensendo
883 2948 1056 3032 Phrynicho
1093 2959 1184 3026 atque

90 3059 257 3122 Ammonio
273 3057 429 3122 vviderem.
471 3059 566 3142 igitur
592 3057 652 3120 hoc
680 3059 713 3118 io
743 3057 849 3140 primis
877 3054 990 3140 negotii
1024 3047 1184 3132 intellege·

90 3165 159 3225 bam
179 3162 257 3224 mihi
277 3161 382 3223 datum
405 3183 480 3242 esse,
499 3175 534 3223 ut
553 3182 627 3224 vera
644 3163 757 3242 ubique
779 3174 810 3222 et
831 3161 962 3246 genuina
980 3155 1080 3232 lectio,
1104 3172 1182 3234 quo-

89 3267 128 3328 ad
158 3268 226 3328 heri
255 3281 372 3348 possm
398 3255 595 3352 indagarelur.
640 3265 741 3344 Quam
771 3267 810 3327 ob
839 3283 975 3326 caussam
1004 3273 1035 3320 et
1062 3255 1183 3338 inspexi

86 3369 268 3450 contulique
288 3369 445 3454 diligenter
476 3369 570 3432 libros
600 3381 722 3446 omnes,
767 3370 819 3430 ubi
847 3363 1009 3450 particulas
1037 3360 1183 3443 quasdam

83 3473 188 3536 libelli
205 3472 333 3557 prolatas
361 3473 413 3537 vel
433 3475 592 3560 legissem,
623 3471 676 3535 vel
706 3473 909 3534 audivissent
940 3483 970 3530 ct
997 3469 1198 3530 coniecturae·
1291 3483 1299 3497 ’

83 3579 236 3640 Virorum
258 3577 415 3643 doctorum
435 3579 578 3660 studiose,
601 3599 658 3642 nec
679 3579 744 3641 sine
764 3575 901 3641 molestia
921 3595 1039 3660 magua,
1061 3568 1180 3655 collegi,

118 3799 150 3868 ³)
169 3797 304 3850 Fabricius
323 3797 450 3850 Bibliotb.
469 3795 518 3854 Gr.
539 3795 587 3852 IV.
609 3795 653 3850 55.
672 3795 698 3850 4.
718 3805 784 3852 extr·

119 3885 169 3952 *ἡ
188 3885 340 3936 liecenutnr
357 3884 420 3935 haec
438 3885 492 3936 aine
510 3881 589 3936 editio
606 3884 678 3935 hcet.
693 3881 808 3934 Eruditt.
825 3877 959 3949 supplem.
975 3879 1026 3931 To.
1041 3875 1091 3930 Vl·
1110 3873 1179 3928 Soet.

156 3971 192 4022 Π.
209 3989 238 4039 p.
257 3972 299 4041 49.
319 3971 350 4023 ii.
370 3987 385 4022 a
401 3969 457 4021 lob.
476 3969 582 4024 Christi.
602 3969 684 4022 Bieli'o
700 3969 738 4023 V·
759 3967 809 4024 C.:
828 3970 898 4018 cuites
914 3983 1007 4018 nomen
1023 3963 1180 4030 adscriptum

152 4055 210 4110 vidi
227 4057 255 4108 in
278 4073 309 4108 ao
328 4061 454 4110 Actorum
476 4055 633 4124 exemplari,
661 4053 732 4123 quod
754 4065 792 4106 eet
816 4055 845 4106 in
867 4071 955 4106 museo
980 4051 1177 4117 bleuqueniano.

154 4139 208 4194 Sed
224 4141 263 4194 nil
281 4143 340 4194 ucri
357 4141 397 4195 ibi
414 4159 497 4210 nequa
514 4141 663 4198 observatur
680 4141 828 4212 quidquem,
845 4157 930 4210 neque
946 4148 1076 4194 monetur.

118 4227 180 4294 m)
206 4243 236 4297 p·
254 4227 414 4282 too-488.

116 4313 193 4382 W)
219 4315 359 4370 Verisimil.
380 4313 585 4388 ihm-169.
644 4323 655 4330 ’
